Ticker Symbol,Index,Ticker,Date,Total Revenue,Net Interest Income,Interest Income,Interest Income from Loans And Lease,Interest Income from Loans,Interest Income from Securities,Interest Income from Deposits,Interest Income from Federal Funds Sold And Securities Purchase Under Agreements To Resell,Other Interest Income,Interest Expense,Interest Expense for Deposit,Interest Expense for Short Term Debt,Interest Expense for Long Term Debt And Capital Securities,Interest Expense for Federal Funds Sold And Securities Purchase Under Agreements To Resell,Other Interest Expense,Non Interest Income,Total Premiums Earned,Fees And Commissions,Fees & Commission Income,Service Charge on Depositor Accounts,Trust Fees by Commissions,Other Customer Services,Fees & Commission Expense,Dividend Income,Foreign Exchange Trading Gains,Gain Losson Saleof Assets,Gain on Sale of Security,Gain on Saleof Loans,Gain on Saleof Investment Property,Other Non Interest Income,Credit Losses Provision,Non Interest Expense,Occupancy And Equipment,Net Occupancy Expense,Equipment,Professional Expense And Contract Services Expense,Selling General and Administrative,General & Administrative Expense,Salaries and Wages,Insurance & Claims,Other G and A,Depreciation Amortization Depletion,Depreciation & amortization,Amortization,Amortization of Intangibles,Securities Amortization,Other Non Interest Expense,Income from Associates & Other Participating Interests,Special Income Charges,Gain on Sale of Business,Impairment of Capital Assets,Loss on Extinguishment of Debt,Other Special Charges,Other Non Operating Income Expenses,Pretax Income,Tax Provision,Net Income Common Stockholders,Net Income,Net Income Including Non-Controlling Interests,Net Income Continuous Operations,Net Income Extraordinary,Preferred Stock Dividends,Average Dilution Earnings,Diluted NI Available to Com Stockholders,Basic EPS,Diluted EPS,Basic Average Shares,Diluted Average Shares,INTEREST_INCOME_AFTER_PROVISION_FOR_LOAN_LOSS,Net Income from Continuing & Discontinued Operation,Normalized Income,Total Money Market Investments,Reconciled Depreciation,Net Income from Continuing Operation Net Minority Interest,Total Unusual Items Excluding Goodwill,Total Unusual Items,Tax Rate for Calcs,Tax Effect of Unusual Items,Securities Activities,Investment Banking Profit,Trading Gain Loss,Selling & Marketing Expense,Restructuring & Mergers Acquisition,Net Income Discontinuous Operations,Net Income from Tax Loss Carryforward,Minority Interests,Credit Card,Rental & Landing Fees,Rent Expense Supplemental,Depreciation,Write Off,Interest Income from Leases,Earnings from Equity Interest Net of Tax
EWBC,5,EWBC,2022-03-31,490663.0,415613.0,432029.0,377110.0,377110.0,43276.0,3260.0,8383.0,,16416.0,12989.0,9.0,1402.0,2025.0,,75050.0,,41112.0,45805.0,39753.0,6052.0,,4693.0,,12699.0,16960.0,14038.0,2922.0,,4279.0,-8000.0,184757.0,22758.0,15464.0,7294.0,2551.0,124651.0,124651.0,116269.0,4717.0,3665.0,,,,,13900.0,20897.0,,,,,,,,297906.0,60254.0,237652.0,237652.0,237652.0,237652.0,,,,237652.0,1.67,1.66,142025.0,143223.0,407613.0,237652.0,237652.0,11643.0,26555.0,237652.0,,,0.0,0.0,,,,,,,,,,,,,,,
EWBC,6,EWBC,2021-12-31,472879.0,405697.0,422708.0,366936.0,366936.0,42860.0,3750.0,9162.0,,17011.0,13369.0,0.0,1624.0,2018.0,,67182.0,,41751.0,46058.0,40767.0,5291.0,,4307.0,,13343.0,7612.0,5304.0,2308.0,,4476.0,10000.0,205798.0,23340.0,15846.0,7494.0,3714.0,123690.0,123690.0,114743.0,4772.0,4175.0,,,,,31800.0,23254.0,,0.0,,,0.0,,,277081.0,59285.0,217796.0,217796.0,217796.0,217796.0,,,,217796.0,1.53,1.52,141907.0,143323.0,415697.0,217796.0,217796.0,12912.0,40421.0,217796.0,0.0,0.0,0.0,0.0,,,,,,,,,,,,,,,
EWBC,7,EWBC,2021-09-30,464679.0,395706.0,415307.0,363503.0,363503.0,38326.0,4521.0,8957.0,,19601.0,15970.0,0.0,1619.0,2012.0,,68973.0,,37486.0,41622.0,36024.0,5598.0,,4136.0,,13101.0,16188.0,12859.0,3329.0,,2198.0,10000.0,201248.0,24277.0,15851.0,8426.0,3998.0,113967.0,113967.0,105751.0,4641.0,3575.0,,,,,38008.0,20998.0,,0.0,,,0.0,,,273431.0,47982.0,225449.0,225449.0,225449.0,225449.0,,,,225449.0,1.59,1.57,141880.0,143143.0,405706.0,225449.0,225449.0,13478.0,45969.0,225449.0,0.0,0.0,0.0,0.0,,,,,,,,,,,,,,,
EWBC,8,EWBC,2021-06-30,441087.0,376473.0,399333.0,352453.0,352453.0,35231.0,3628.0,8021.0,,22860.0,17998.0,0.0,2871.0,1991.0,,64614.0,,42568.0,46385.0,38434.0,7951.0,,3817.0,,13007.0,6547.0,5056.0,1491.0,,2492.0,15000.0,185706.0,22898.0,15377.0,7521.0,3843.0,113735.0,113735.0,105426.0,4274.0,4035.0,,,,,27291.0,17939.0,,0.0,,,0.0,,,270381.0,45639.0,224742.0,224742.0,224742.0,224742.0,,,,224742.0,1.58,1.57,141868.0,143040.0,391473.0,224742.0,224742.0,11649.0,32912.0,224742.0,0.0,0.0,0.0,0.0,,,,,,,,,,,,,,,
EWBC,9,EWBC,2021-03-31,422669.0,353695.0,381386.0,342008.0,342008.0,29647.0,3632.0,6099.0,,27691.0,21822.0,42.0,3849.0,2020.0,,68974.0,,36759.0,40651.0,33740.0,6911.0,,3892.0,,9526.0,19895.0,18114.0,1781.0,,2794.0,0.0,161827.0,15922.0,15922.0,7159.0,2977.0,123321.0,123321.0,107808.0,3876.0,11637.0,,,,,25358.0,19607.0,,,,,,,-25358.0,235484.0,30490.0,204994.0,204994.0,204994.0,204994.0,,,,204994.0,1.45,1.44,141646.0,142844.0,353695.0,204994.0,204994.0,9731.0,37490.0,204994.0,,,0.0,0.0,,,,,,,,,,,,,,,
EWBC,10,EWBC,2020-12-31,412912.0,346581.0,381348.0,348578.0,348578.0,23357.0,4458.0,4955.0,,34767.0,28142.0,276.0,4269.0,2356.0,,66331.0,,33639.0,37140.0,32643.0,4497.0,,3501.0,,6679.0,20446.0,17388.0,3058.0,,5567.0,-24340.0,162887.0,16548.0,16548.0,7027.0,3210.0,121129.0,121129.0,105400.0,3995.0,11734.0,,,,,12263.0,22000.0,,0.0,,,0.0,,-12263.0,213422.0,49338.0,164084.0,164084.0,164084.0,164084.0,,,,164084.0,1.16,1.15,141564.0,142529.0,322241.0,164084.0,164084.0,9413.0,23819.0,164084.0,0.0,0.0,0.0,0.0,,,,,,,,,,,,,,,
EWBC,11,EWBC,2020-09-30,370597.0,324130.0,365728.0,336542.0,336542.0,18846.0,5045.0,5295.0,,41598.0,33798.0,407.0,5238.0,2562.0,,46467.0,,32749.0,35862.0,31309.0,4553.0,,3113.0,,3310.0,6913.0,6552.0,361.0,,3495.0,-10000.0,152251.0,16648.0,16648.0,8539.0,2590.0,115891.0,115891.0,99756.0,4006.0,12129.0,,,,,12286.0,17122.0,,0.0,,,0.0,,-12286.0,196060.0,36523.0,159537.0,159537.0,159537.0,159537.0,,,,159537.0,1.13,1.12,141498.0,142043.0,314130.0,159537.0,159537.0,10340.0,27163.0,159537.0,0.0,0.0,0.0,0.0,,,,,,,,,,,,,,,
EWBC,12,EWBC,2020-06-30,399059.0,343775.0,398776.0,367393.0,367393.0,21305.0,4564.0,5514.0,,55001.0,46399.0,265.0,4797.0,3805.0,,55284.0,,32556.0,35909.0,32818.0,3091.0,,3353.0,,4562.0,16845.0,16713.0,132.0,,1321.0,-102443.0,150844.0,16217.0,16217.0,7301.0,2943.0,112436.0,112436.0,96955.0,3700.0,11781.0,,,,,24759.0,19248.0,,-8740.0,,,8740.0,,-24759.0,112273.0,12921.0,99352.0,99352.0,99352.0,99352.0,,,,99352.0,0.7,0.7,141486.0,141827.0,241332.0,99352.0,107087.0,10078.0,37740.0,99352.0,-8740.0,-8740.0,0.0,-1005.0,,,,,,,,,,,,,,,
EWBC,13,EWBC,2020-03-31,413193.0,362707.0,449190.0,411869.0,411869.0,20588.0,11168.0,5565.0,,86483.0,76403.0,,5533.0,4547.0,,50486.0,,28014.0,31577.0,26220.0,5357.0,,3563.0,,7819.0,11473.0,10523.0,950.0,,3180.0,-73870.0,175313.0,23242.0,17076.0,6166.0,4414.0,109213.0,109213.0,101960.0,3427.0,3826.0,,,,,17325.0,21119.0,,,,,,,,164010.0,19186.0,144824.0,144824.0,144824.0,144824.0,,,,144824.0,1.0,1.0,144814.0,145285.0,288837.0,144824.0,144824.0,16733.0,31186.0,144824.0,,,0.0,0.0,,,,,,,,,,,,,,,
EWBC,14,EWBC,2019-12-31,427417.0,368219.0,467233.0,425773.0,425773.0,20786.0,14925.0,5749.0,,99014.0,89013.0,,6215.0,3786.0,,59198.0,,27553.0,31302.0,27087.0,4215.0,,3749.0,,6032.0,22438.0,21370.0,1068.0,,3175.0,-18577.0,189624.0,24764.0,17138.0,7626.0,5300.0,108010.0,108010.0,101051.0,3371.0,3588.0,,,,,27038.0,24512.0,,66.0,0.0,,,-66.0,,219282.0,31067.0,188215.0,188215.0,188215.0,188215.0,,,,188215.0,1.29,1.29,145624.0,146318.0,349642.0,188215.0,188158.0,20674.0,40958.0,188215.0,66.0,66.0,0.0,9.372,,,,,,,,,,,,,,,
EWBC,15,EWBC,2019-09-30,417649.0,369807.0,476912.0,433658.0,433658.0,16601.0,19772.0,6881.0,,107105.0,96820.0,,6664.0,3621.0,,47842.0,,26021.0,29605.0,24764.0,4841.0,,3584.0,,8065.0,10518.0,8481.0,2037.0,,3238.0,-38284.0,173046.0,24468.0,17912.0,6556.0,4279.0,104697.0,104697.0,97819.0,3550.0,3328.0,,,,,16833.0,22769.0,,48.0,0.0,,,-48.0,,206367.0,34951.0,171416.0,171416.0,171416.0,171416.0,,,,171416.0,1.18,1.17,145559.0,146120.0,331523.0,171416.0,171376.0,26653.0,31107.0,171416.0,48.0,48.0,0.0,8.112,,,,,,,,,,,,,,,
EWBC,16,EWBC,2019-06-30,416747.0,367326.0,474844.0,434450.0,434450.0,16190.0,16861.0,7343.0,,107518.0,97964.0,,5724.0,3830.0,,49421.0,,26492.0,29830.0,26030.0,3800.0,,3338.0,,7286.0,11860.0,11845.0,15.0,,3783.0,-19245.0,174325.0,23573.0,17362.0,6211.0,4424.0,106910.0,106910.0,100531.0,2919.0,3460.0,,,,,16739.0,22679.0,,0.0,0.0,,,,,223177.0,72797.0,150380.0,150380.0,150380.0,150380.0,,,,150380.0,1.03,1.03,145546.0,146052.0,348081.0,150380.0,150380.0,24204.0,32615.0,150380.0,0.0,0.0,0.0,0.0,,,,,,,,,,,,,,,
EWBC,17,EWBC,2019-03-31,401088.0,362461.0,463311.0,423534.0,423534.0,16461.0,15470.0,7846.0,,100850.0,92005.0,,4737.0,4108.0,,38627.0,,24745.0,28249.0,24437.0,3812.0,,3504.0,,5015.0,5692.0,4777.0,915.0,,3175.0,-22579.0,183418.0,23396.0,17318.0,6078.0,4284.0,108544.0,108544.0,102299.0,3088.0,3157.0,,,,,24905.0,22289.0,,0.0,0.0,,,,,195091.0,31067.0,164024.0,164024.0,164024.0,164024.0,,,,164024.0,1.13,1.12,145256.0,145921.0,339882.0,164024.0,164024.0,23316.0,39498.0,164024.0,0.0,0.0,0.0,0.0,,,,,,,,,,,,,,,
EWBC,18,EWBC,2018-12-31,406987.0,369416.0,457334.0,414517.0,414517.0,16207.0,18791.0,7819.0,,87918.0,79319.0,,4579.0,4020.0,,37571.0,,35901.0,38944.0,9512.0,2796.0,26636.0,3043.0,,,1670.0,161.0,1509.0,,,-17959.0,185054.0,24222.0,18017.0,6205.0,3569.0,100043.0,100043.0,93790.0,3093.0,3160.0,,,,,30958.0,26262.0,,1081.0,0.0,,,-1081.0,,205055.0,32037.0,173018.0,173018.0,173018.0,173018.0,,,,173018.0,1.19,1.18,144960.0,146133.0,351457.0,173018.0,172110.0,26610.0,43722.0,173018.0,1081.0,1081.0,0.0,172.96,,,,,,,,,,,,,,,
EWBC,19,EWBC,2018-09-30,389220.0,348720.0,422185.0,385538.0,385538.0,15901.0,13353.0,7393.0,,73465.0,65032.0,,4424.0,4009.0,,40500.0,,39320.0,41920.0,9777.0,3535.0,28608.0,2600.0,,,1180.0,35.0,1145.0,,,-10542.0,177215.0,22770.0,17292.0,5478.0,4227.0,106035.0,106035.0,96733.0,6013.0,3289.0,,,,,20789.0,23394.0,,3402.0,0.0,,,-3402.0,,204865.0,33563.0,171302.0,171302.0,171302.0,171302.0,,,,171302.0,1.18,1.17,144921.0,146173.0,338178.0,171302.0,168444.0,20746.0,33448.0,171302.0,3402.0,3402.0,0.0,544.32,,,,,,,,,,,,,,,
EWBC,20,EWBC,2018-06-30,385911.0,341679.0,400311.0,365555.0,365555.0,15859.0,11715.0,7182.0,,58632.0,51265.0,,4201.0,3166.0,,44232.0,,41668.0,44590.0,10140.0,4501.0,29949.0,2922.0,,,2564.0,210.0,2354.0,,,-15536.0,174497.0,22256.0,16707.0,5549.0,7957.0,103024.0,103024.0,93865.0,5832.0,3327.0,,,,,20481.0,20779.0,,1114.0,0.0,,,-1114.0,,196992.0,24643.0,172349.0,172349.0,172349.0,172349.0,,,,172349.0,1.19,1.18,144899.0,146091.0,326143.0,172349.0,171380.0,18897.0,32471.0,172349.0,1114.0,1114.0,0.0,144.82,,,,,,,,,,,,,,,
EWBC,21,EWBC,2018-03-31,365902.0,326693.0,371873.0,337904.0,337904.0,16090.0,10945.0,6934.0,,45180.0,39136.0,,3731.0,2313.0,,39209.0,,35498.0,38177.0,10430.0,2953.0,24794.0,2679.0,,,3711.0,2129.0,1582.0,,,-20218.0,166456.0,21934.0,16880.0,5054.0,4607.0,104908.0,104908.0,95234.0,6273.0,3401.0,,,,,17400.0,17607.0,,32556.0,31470.0,,,-1086.0,,211784.0,24752.0,187032.0,187032.0,187032.0,187032.0,,,,187032.0,1.29,1.28,144664.0,145939.0,306475.0,187032.0,158383.0,17879.0,29858.0,187032.0,32556.0,32556.0,0.0,3907.0,,,,,,,,,,,,,,,
EWBC,22,EWBC,2017-12-31,359109.0,319701.0,359765.0,326401.0,326401.0,15399.0,11092.0,6873.0,,40064.0,34588.0,,3412.0,2064.0,,39408.0,,35894.0,38549.0,10691.0,2950.0,24908.0,2655.0,,,3514.0,1304.0,2210.0,,,-15517.0,172761.0,21452.0,17092.0,4360.0,6661.0,99796.0,99796.0,90361.0,6351.0,3084.0,1621.0,1621.0,1621.0,1621.0,21891.0,21340.0,,3296.0,0.0,,,-3296.0,,174127.0,89229.0,84898.0,84898.0,84898.0,84898.0,,,,84898.0,0.59,0.58,144542.0,146030.0,304184.0,84898.0,82920.0,17965.0,1621.0,84898.0,3296.0,3296.0,0.0,1318.0,,,,,,,,,,,,,,,
EWBC,23,EWBC,2017-09-30,345516.0,303155.0,339910.0,306939.0,306939.0,15440.0,9630.0,7901.0,,36755.0,31086.0,,3335.0,2334.0,,42361.0,,38461.0,40874.0,10803.0,3615.0,26456.0,2413.0,,,3900.0,1539.0,2361.0,,,-12996.0,162086.0,21028.0,16635.0,4393.0,7403.0,88263.0,88263.0,79583.0,5676.0,3004.0,1735.0,1735.0,1735.0,1735.0,23827.0,19830.0,,4850.0,3807.0,,,-1043.0,,175284.0,42624.0,132660.0,132660.0,132660.0,132660.0,,,,132660.0,0.92,0.91,144498.0,145882.0,290159.0,132660.0,128989.0,17531.0,1735.0,132660.0,4850.0,4850.0,0.0,1179.0,,,,,,,,,,,,,,,
EWBC,24,EWBC,2017-06-30,333944.0,290091.0,322775.0,293039.0,293039.0,14331.0,7552.0,7853.0,,32684.0,27045.0,,3114.0,2525.0,,43853.0,,39587.0,42092.0,10700.0,3537.0,27855.0,2505.0,,,4266.0,2720.0,1546.0,,,-10685.0,166616.0,21016.0,15554.0,5462.0,7321.0,89581.0,89581.0,80744.0,5779.0,3058.0,1762.0,1762.0,1762.0,1762.0,27872.0,19064.0,,1042.0,,,,-1042.0,,157685.0,39355.0,118330.0,118330.0,118330.0,118330.0,,,,118330.0,0.82,0.81,144485.0,145740.0,279406.0,118330.0,117549.0,15405.0,1762.0,118330.0,1042.0,1042.0,0.0,260.5,,,,,,,,,,,,,,,
EWBC,25,EWBC,2017-03-31,313773.0,272122.0,302669.0,272061.0,272061.0,16024.0,5116.0,9468.0,,30547.0,23672.0,,3319.0,3556.0,,41651.0,,36423.0,38788.0,10296.0,4530.0,23962.0,2365.0,,,5228.0,2474.0,2754.0,,,-7068.0,150708.0,19608.0,15640.0,3968.0,4981.0,93479.0,93479.0,84603.0,5929.0,2947.0,1817.0,1817.0,1817.0,1817.0,14360.0,16463.0,,72007.0,,,,-72007.0,,228004.0,58268.0,169736.0,169736.0,169736.0,169736.0,,,,169736.0,1.18,1.16,144249.0,145732.0,265054.0,169736.0,116163.0,14584.0,1817.0,169736.0,72007.0,72007.0,0.0,18434.0,,,,,,,,,,,,,,,
EWBC,26,EWBC,2016-12-31,318783.0,272702.0,302127.0,272188.0,272188.0,17385.0,4486.0,8068.0,,29425.0,23516.0,,2723.0,3186.0,,46081.0,0.0,45067.0,47786.0,10195.0,3378.0,34213.0,2719.0,,,1014.0,1894.0,-880.0,,,-10461.0,147185.0,19481.0,15834.0,3647.0,-6158.0,88858.0,88858.0,79949.0,5938.0,2971.0,,,,,24576.0,20428.0,,0.0,,,0.0,,,161137.0,50403.0,110734.0,110734.0,110734.0,110734.0,,,,110734.0,0.77,0.76,144166.0,145703.0,262241.0,110734.0,110734.0,12554.0,64035.0,110734.0,0.0,0.0,0.0,0.0,,,,,,,,,,,,,,,
MS,5,MS,2022-03-31,13919000.0,2216000.0,2650000.0,1156000.0,1156000.0,1301000.0,,-204000.0,397000.0,434000.0,73000.0,,685000.0,142000.0,-466000.0,11703000.0,,5653000.0,6535000.0,,5119000.0,1416000.0,882000.0,,648000.0,75000.0,75000.0,,,234000.0,-57000.0,9274000.0,427000.0,,,705000.0,6449000.0,6274000.0,6274000.0,,,,,,,,1693000.0,,-107000.0,,,,,,4588000.0,873000.0,3542000.0,3666000.0,3715000.0,3715000.0,,124000.0,,3542000.0,2.04,2.02,1733000.0,1755000.0,2159000.0,3666000.0,3666000.0,-204000.0,942000.0,3666000.0,-107000.0,-107000.0,0.0,0.0,,1758000.0,3983000.0,175000.0,107000.0,,,-49000.0,,,,,,,
MS,6,MS,2021-12-31,13713000.0,2089000.0,2411000.0,1118000.0,1118000.0,1176000.0,,-299000.0,416000.0,322000.0,79000.0,,695000.0,133000.0,-585000.0,11624000.0,,5891000.0,6702000.0,,5395000.0,1307000.0,811000.0,,,632000.0,632000.0,,,126000.0,-5000.0,8824000.0,479000.0,,,829000.0,5692000.0,5487000.0,5487000.0,,,,,,,,1824000.0,,-146000.0,,,,,,4884000.0,1168000.0,3592000.0,3696000.0,3716000.0,3716000.0,,104000.0,,3592000.0,2.05,2.01,1751000.0,1785000.0,2084000.0,3696000.0,3696000.0,-299000.0,1237000.0,3696000.0,-146000.0,-146000.0,0.0,0.0,,2581000.0,2394000.0,205000.0,146000.0,,,-20000.0,,,,,,,
MS,7,MS,2021-09-30,13928000.0,2063000.0,2351000.0,1063000.0,1063000.0,1168000.0,,-282000.0,402000.0,288000.0,102000.0,,597000.0,131000.0,-542000.0,11865000.0,,5656000.0,6481000.0,,5201000.0,1280000.0,825000.0,,,45000.0,45000.0,,,290000.0,-24000.0,8885000.0,427000.0,,,734000.0,6047000.0,5901000.0,5901000.0,,788000.0,,,,,,1677000.0,,-145000.0,,,,,,4874000.0,1150000.0,3584000.0,3707000.0,3724000.0,3724000.0,,123000.0,,3584000.0,2.01,1.98,1781000.0,1812000.0,2039000.0,3707000.0,3817780.0,-282000.0,1035000.0,3707000.0,-145000.0,-145000.0,0.0,-34220.0,,3013000.0,2861000.0,146000.0,145000.0,,,-17000.0,,,,,,,
MS,8,MS,2021-06-30,13964000.0,1865000.0,2212000.0,1040000.0,1040000.0,1094000.0,,-321000.0,399000.0,347000.0,108000.0,,719000.0,116000.0,-596000.0,12099000.0,,5486000.0,6281000.0,,4973000.0,1308000.0,795000.0,,,381000.0,381000.0,,,342000.0,-73000.0,9325000.0,414000.0,,,746000.0,6569000.0,6423000.0,6423000.0,,765000.0,,,,,,1596000.0,,,,,,,,4566000.0,1054000.0,3408000.0,3511000.0,3512000.0,3512000.0,,103000.0,,3408000.0,1.88,1.85,1814000.0,1841000.0,1792000.0,3511000.0,3511000.0,-321000.0,1057000.0,3511000.0,,,0.0,0.0,-795000.0,2560000.0,3330000.0,146000.0,,,,-1000.0,,,,,,,
MS,9,MS,2021-03-31,14809000.0,2028000.0,2437000.0,988000.0,988000.0,1359000.0,,-296000.0,386000.0,409000.0,120000.0,,714000.0,114000.0,-539000.0,12781000.0,,5114000.0,6024000.0,,4398000.0,1626000.0,910000.0,,,318000.0,318000.0,,,284000.0,98000.0,9563000.0,405000.0,,,624000.0,6944000.0,6798000.0,6798000.0,,733000.0,,,,,,1590000.0,,,,,,,,5344000.0,1176000.0,3982000.0,4120000.0,4168000.0,4168000.0,,138000.0,,3982000.0,2.22,2.19,1795000.0,1818000.0,2126000.0,4120000.0,4120000.0,-296000.0,887000.0,4120000.0,,,0.0,0.0,-910000.0,2840000.0,4225000.0,146000.0,,,,-48000.0,,,,,,,
MS,10,MS,2020-12-31,12864000.0,1871000.0,2245000.0,971000.0,971000.0,1194000.0,,-264000.0,344000.0,374000.0,149000.0,,716000.0,100000.0,-591000.0,10993000.0,,4502000.0,5278000.0,,3926000.0,1352000.0,776000.0,,,327000.0,327000.0,,,568000.0,,8434000.0,456000.0,,,679000.0,5611000.0,5450000.0,5450000.0,,697000.0,,,,,,1688000.0,,,,,,,,4430000.0,1018000.0,3266000.0,3385000.0,3412000.0,3412000.0,,119000.0,,3266000.0,1.84,1.81,1774000.0,1802000.0,1871000.0,3385000.0,3385000.0,-264000.0,1406000.0,3385000.0,,,0.0,0.0,-776000.0,2435000.0,3161000.0,161000.0,,,,-27000.0,,,,,,,
MS,11,MS,2020-09-30,10960000.0,1486000.0,2056000.0,967000.0,967000.0,1066000.0,,-187000.0,210000.0,570000.0,178000.0,,714000.0,165000.0,-487000.0,9474000.0,,4004000.0,4701000.0,,3664000.0,1037000.0,697000.0,,,346000.0,346000.0,,,206000.0,,7473000.0,373000.0,,,542000.0,5164000.0,5086000.0,5086000.0,,616000.0,,,,,,1394000.0,,,,,,,,3487000.0,736000.0,2597000.0,2717000.0,2751000.0,2751000.0,,120000.0,,2597000.0,1.68,1.66,1542000.0,1566000.0,1486000.0,2717000.0,2717000.0,-187000.0,853000.0,2717000.0,,,0.0,0.0,-697000.0,1826000.0,3092000.0,78000.0,,,,-34000.0,,,,,,,
MS,12,MS,2020-06-30,12698000.0,1600000.0,2358000.0,1050000.0,1050000.0,1245000.0,,-141000.0,204000.0,758000.0,220000.0,,823000.0,209000.0,-494000.0,11098000.0,,3651000.0,4367000.0,,3265000.0,1102000.0,716000.0,,,275000.0,275000.0,,,347000.0,,8343000.0,365000.0,,,535000.0,6098000.0,6035000.0,6035000.0,,589000.0,,,,,,1345000.0,,,,,,,,4355000.0,1119000.0,3047000.0,3196000.0,3236000.0,3236000.0,,149000.0,,3047000.0,1.98,1.96,1541000.0,1557000.0,1600000.0,3196000.0,3196000.0,-141000.0,686000.0,3196000.0,,,0.0,0.0,-716000.0,2142000.0,4683000.0,63000.0,,,,-40000.0,,,,,,,
MS,13,MS,2020-03-31,8747000.0,1356000.0,3503000.0,1154000.0,1154000.0,1194000.0,,398000.0,757000.0,2147000.0,406000.0,,997000.0,509000.0,235000.0,7391000.0,,4037000.0,4777000.0,,3417000.0,1360000.0,740000.0,,,38000.0,38000.0,,,-1011000.0,,6601000.0,365000.0,,,449000.0,4415000.0,4283000.0,4283000.0,,563000.0,,,,,,1372000.0,,,,,,,,2146000.0,366000.0,1590000.0,1698000.0,1780000.0,1780000.0,,108000.0,,1590000.0,1.02,1.01,1555000.0,1573000.0,1356000.0,1698000.0,1698000.0,398000.0,824000.0,1698000.0,,,0.0,0.0,-740000.0,1271000.0,3056000.0,132000.0,,,,-82000.0,,,,,,,
MS,14,MS,2019-12-31,10224000.0,1433000.0,3952000.0,1184000.0,1184000.0,1323000.0,,620000.0,825000.0,2519000.0,425000.0,,1111000.0,593000.0,390000.0,8791000.0,,3802000.0,4435000.0,,3451000.0,984000.0,633000.0,,,739000.0,739000.0,,,240000.0,,7491000.0,375000.0,,,555000.0,5428000.0,5228000.0,5228000.0,,567000.0,,,,,,1133000.0,,,,,,,,2733000.0,428000.0,2085000.0,2239000.0,2305000.0,2305000.0,,154000.0,,2085000.0,1.33,1.3,1573000.0,1602000.0,1433000.0,2239000.0,2239000.0,620000.0,656000.0,2239000.0,,,0.0,0.0,-633000.0,1696000.0,2314000.0,200000.0,,0.0,,-66000.0,,,,,,,
MS,15,MS,2019-09-30,9395000.0,1218000.0,4350000.0,1208000.0,1208000.0,1307000.0,,871000.0,964000.0,3132000.0,505000.0,,1219000.0,681000.0,727000.0,8177000.0,,3716000.0,4353000.0,,3363000.0,990000.0,637000.0,,,87000.0,87000.0,,,131000.0,,6685000.0,353000.0,,,531000.0,4584000.0,4427000.0,4427000.0,,557000.0,,,,,,1217000.0,,,,,,,,2710000.0,492000.0,2060000.0,2173000.0,2218000.0,2218000.0,,113000.0,,2060000.0,1.28,1.27,1604000.0,1627000.0,1218000.0,2173000.0,2173000.0,871000.0,654000.0,2173000.0,,,0.0,0.0,-637000.0,1635000.0,2608000.0,157000.0,,0.0,,-45000.0,,,,,,,
MS,16,MS,2019-06-30,9614000.0,1029000.0,4506000.0,1196000.0,1196000.0,1256000.0,,1047000.0,1007000.0,3477000.0,493000.0,,1342000.0,735000.0,907000.0,8585000.0,,3569000.0,4199000.0,,3220000.0,979000.0,630000.0,,,441000.0,441000.0,,,253000.0,,6711000.0,353000.0,,,537000.0,4693000.0,4531000.0,4531000.0,,538000.0,,,,,,1128000.0,,,,,,,,2903000.0,657000.0,2031000.0,2201000.0,2246000.0,2246000.0,,170000.0,,2031000.0,1.24,1.23,1634000.0,1655000.0,1029000.0,2201000.0,2201000.0,1047000.0,675000.0,2201000.0,,,0.0,0.0,-630000.0,1590000.0,2732000.0,162000.0,,0.0,,-45000.0,,,,,,,
MS,17,MS,2019-03-31,9693000.0,1014000.0,4290000.0,1195000.0,1195000.0,1188000.0,,947000.0,960000.0,3276000.0,462000.0,,1380000.0,600000.0,834000.0,8679000.0,,3422000.0,4015000.0,,3049000.0,966000.0,593000.0,,,273000.0,273000.0,,,301000.0,,6738000.0,347000.0,,,514000.0,4792000.0,4651000.0,4651000.0,,532000.0,,,,,,1085000.0,,,,,,,,2955000.0,487000.0,2336000.0,2429000.0,2468000.0,2468000.0,,93000.0,,2336000.0,1.41,1.39,1658000.0,1677000.0,1014000.0,2429000.0,2429000.0,947000.0,658000.0,2429000.0,,,0.0,0.0,-593000.0,1242000.0,3441000.0,141000.0,,0.0,,-39000.0,,,,,,,
MS,18,MS,2018-12-31,7950000.0,989000.0,4111000.0,1152000.0,1152000.0,1168000.0,,820000.0,971000.0,3122000.0,446000.0,,1348000.0,572000.0,756000.0,6961000.0,,3714000.0,4312000.0,,3266000.0,1046000.0,598000.0,,,28000.0,28000.0,,,-5000.0,,6093000.0,358000.0,,,605000.0,4007000.0,3787000.0,3787000.0,,529000.0,,,,,,1123000.0,,,,,,,,1857000.0,300000.0,1361000.0,1531000.0,1558000.0,1557000.0,,170000.0,,1361000.0,0.81,0.8,1674000.0,1705000.0,989000.0,1531000.0,1530000.0,820000.0,469000.0,1530000.0,,,0.0,0.0,-598000.0,1488000.0,1736000.0,220000.0,,1000.0,,-27000.0,,,,,,,
MS,19,MS,2018-09-30,9313000.0,936000.0,3627000.0,1085000.0,1085000.0,1011000.0,,575000.0,956000.0,2691000.0,377000.0,,1287000.0,478000.0,549000.0,8377000.0,,3624000.0,4183000.0,,3251000.0,932000.0,559000.0,,,136000.0,136000.0,,,298000.0,,6462000.0,351000.0,,,570000.0,4462000.0,4310000.0,4310000.0,,513000.0,,,,,,1079000.0,,,,,,,,2851000.0,696000.0,2019000.0,2112000.0,2154000.0,2155000.0,,93000.0,,2019000.0,1.19,1.17,1697000.0,1727000.0,936000.0,2112000.0,2113000.0,575000.0,468000.0,2113000.0,,,0.0,0.0,-559000.0,1567000.0,2752000.0,152000.0,,-1000.0,,-42000.0,,,,,,,
MS,20,MS,2018-06-30,10001000.0,906000.0,3294000.0,1074000.0,1074000.0,993000.0,,366000.0,861000.0,2388000.0,273000.0,,1258000.0,446000.0,411000.0,9095000.0,,3619000.0,4228000.0,,3189000.0,1039000.0,609000.0,,,147000.0,147000.0,,,243000.0,,6892000.0,346000.0,,,580000.0,4800000.0,4621000.0,4621000.0,,496000.0,,,,,,1166000.0,,,,,,,,3109000.0,640000.0,2267000.0,2437000.0,2467000.0,2469000.0,,170000.0,,2267000.0,1.32,1.3,1720000.0,1748000.0,906000.0,2437000.0,2439000.0,366000.0,517000.0,2439000.0,,,0.0,0.0,-609000.0,1793000.0,3293000.0,179000.0,,-2000.0,,-30000.0,,,,,,,
MS,21,MS,2018-03-31,10450000.0,975000.0,2860000.0,938000.0,938000.0,964000.0,,215000.0,743000.0,1885000.0,159000.0,,1138000.0,402000.0,186000.0,9475000.0,,3738000.0,4365000.0,,3192000.0,1173000.0,627000.0,,,126000.0,126000.0,,,207000.0,,7030000.0,336000.0,,,510000.0,5054000.0,4914000.0,4914000.0,,478000.0,,,,,,1130000.0,,,,,,,,3420000.0,714000.0,2575000.0,2668000.0,2704000.0,2706000.0,,93000.0,,2575000.0,1.48,1.45,1740000.0,1771000.0,975000.0,2668000.0,2670000.0,215000.0,390000.0,2670000.0,,,0.0,0.0,-627000.0,1634000.0,3770000.0,140000.0,,-2000.0,,-36000.0,,,,,,,
MS,22,MS,2017-12-31,8963000.0,995000.0,2586000.0,899000.0,899000.0,959000.0,,83000.0,851000.0,1591000.0,99000.0,,1088000.0,325000.0,79000.0,7968000.0,,3629000.0,4166000.0,,3102000.0,1064000.0,537000.0,,,325000.0,325000.0,,,220000.0,,6492000.0,339000.0,,,547000.0,4469000.0,4279000.0,4279000.0,,471000.0,,,,,,1137000.0,,,,,,,,2471000.0,1767000.0,516000.0,686000.0,706000.0,704000.0,,170000.0,,516000.0,0.29,0.29,1752000.0,1796000.0,995000.0,686000.0,684000.0,-123000.0,413000.0,684000.0,,,0.0,0.0,-537000.0,1548000.0,2246000.0,190000.0,,2000.0,,-20000.0,,,,,,,
MS,23,MS,2017-09-30,8675000.0,783000.0,2340000.0,853000.0,853000.0,819000.0,84000.0,76000.0,508000.0,1557000.0,63000.0,,1109000.0,325000.0,60000.0,7892000.0,,3441000.0,3963000.0,,3026000.0,937000.0,522000.0,,,167000.0,167000.0,,,200000.0,,6193000.0,330000.0,,,534000.0,4297000.0,4169000.0,4169000.0,,459000.0,,,,,,1032000.0,,,,,,,,2482000.0,697000.0,1688000.0,1781000.0,1791000.0,1785000.0,,93000.0,,1688000.0,0.95,0.93,1776000.0,1818000.0,783000.0,1781000.0,1775000.0,160000.0,451000.0,1775000.0,,,0.0,0.0,-522000.0,1380000.0,2704000.0,128000.0,,6000.0,,-10000.0,,,,,,,
MS,24,MS,2017-06-30,8978000.0,751000.0,2106000.0,798000.0,798000.0,795000.0,67000.0,29000.0,417000.0,1355000.0,14000.0,,1067000.0,339000.0,-65000.0,8227000.0,,3404000.0,3929000.0,,2902000.0,1027000.0,525000.0,,,163000.0,163000.0,,,199000.0,,6336000.0,333000.0,,,561000.0,4407000.0,4252000.0,4252000.0,,433000.0,,,,,,1035000.0,,,,,,,,2642000.0,846000.0,1587000.0,1757000.0,1791000.0,1796000.0,,170000.0,,1587000.0,0.89,0.87,1791000.0,1830000.0,751000.0,1757000.0,1762000.0,96000.0,455000.0,1762000.0,,,0.0,0.0,-525000.0,1530000.0,2931000.0,155000.0,,-5000.0,,-34000.0,,,,,,,
MS,25,MS,2017-03-31,9236000.0,771000.0,1965000.0,748000.0,748000.0,789000.0,55000.0,-18000.0,391000.0,1194000.0,11000.0,,1022000.0,248000.0,-87000.0,8465000.0,,3291000.0,3800000.0,,2767000.0,1033000.0,509000.0,,,165000.0,165000.0,,,229000.0,,6428000.0,327000.0,,,527000.0,4602000.0,4466000.0,4466000.0,,428000.0,,,,,,972000.0,,,,,,,,2808000.0,815000.0,1840000.0,1930000.0,1971000.0,1993000.0,,90000.0,,1840000.0,1.02,1.0,1801000.0,1842000.0,771000.0,1930000.0,1952000.0,37000.0,434000.0,1952000.0,,,0.0,0.0,-509000.0,1545000.0,3235000.0,136000.0,,-22000.0,,-41000.0,,,,,,,
MS,26,MS,2016-12-31,8541000.0,883000.0,1868000.0,698000.0,698000.0,860000.0,36000.0,-59000.0,333000.0,985000.0,35000.0,,985000.0,216000.0,-239000.0,7658000.0,,3317000.0,3797000.0,,2754000.0,1043000.0,480000.0,,,-19000.0,-19000.0,,,194000.0,,6295000.0,311000.0,,,578000.0,4252000.0,4083000.0,4083000.0,,460000.0,,,,,,1154000.0,,,,,,,,2246000.0,566000.0,1509000.0,1666000.0,1680000.0,1680000.0,,157000.0,,1509000.0,0.84,0.81,1806000.0,1853000.0,883000.0,1666000.0,1666000.0,-23000.0,379000.0,1666000.0,,,0.0,0.0,-480000.0,1377000.0,2789000.0,169000.0,,0.0,,-14000.0,,,,,,,
MCBC,5,MCBC,2022-03-31,17257.0,12665.0,13143.0,10397.0,10397.0,2217.0,,529.0,,478.0,158.0,,320.0,,,4592.0,240.0,3838.0,4211.0,2810.0,1088.0,313.0,373.0,,,308.0,,308.0,,206.0,1500.0,11366.0,2188.0,1172.0,1016.0,194.0,7678.0,7483.0,6289.0,310.0,884.0,,,,,,1306.0,,,,,,,,7391.0,1391.0,6000.0,6000.0,6000.0,6000.0,,,,6000.0,0.18,0.18,34255.0,34255.0,14165.0,6000.0,6000.0,529.0,737.0,6000.0,,,0.0,0.0,,,,195.0,,,,,,,,,,,
MCBC,6,MCBC,2021-12-31,18172.0,12826.0,13334.0,11134.0,11134.0,1728.0,,472.0,,508.0,183.0,,325.0,,,5346.0,246.0,2320.0,2320.0,1206.0,1114.0,,380.0,,,514.0,,514.0,,2512.0,750.0,11337.0,1974.0,963.0,1011.0,274.0,6241.0,6241.0,6024.0,217.0,854.0,,,,,,3122.0,,,,,,,,7585.0,1369.0,6216.0,6216.0,6216.0,6216.0,,,,6216.0,0.18,0.18,34230.0,34230.0,13576.0,6216.0,6216.0,472.0,861.0,6216.0,,,0.0,0.0,,,,198.0,,,,,,,,,,,
MCBC,7,MCBC,2021-09-30,19547.0,14296.0,14842.0,12761.0,12761.0,1607.0,,474.0,,546.0,209.0,,337.0,,,5251.0,260.0,3547.0,3938.0,2859.0,1079.0,,391.0,,,851.0,,851.0,,593.0,550.0,11159.0,2006.0,992.0,1014.0,272.0,7608.0,7433.0,6278.0,316.0,839.0,,,,,,1273.0,,,,,,,,8938.0,1736.0,7202.0,7202.0,7202.0,7202.0,,,,7202.0,0.21,0.21,34190.0,34190.0,14846.0,7202.0,7202.0,474.0,720.0,7202.0,,,0.0,0.0,,,,175.0,,,,,,,,,,,
MCBC,8,MCBC,2021-06-30,20238.0,14457.0,15184.0,13303.0,13303.0,1608.0,,273.0,,727.0,244.0,,483.0,,,5781.0,250.0,3493.0,3881.0,2748.0,1133.0,,388.0,,,1311.0,,1311.0,,727.0,750.0,11330.0,1972.0,994.0,978.0,274.0,7802.0,7627.0,6502.0,270.0,855.0,,,,,,1282.0,,,,,,,,9658.0,1840.0,7818.0,7818.0,7818.0,7818.0,,,,7818.0,0.23,0.23,34193.0,34193.0,15207.0,7818.0,7818.0,273.0,645.0,7818.0,,,0.0,0.0,,,,175.0,,,,,,,,,,,
MCBC,9,MCBC,2021-03-31,20653.0,14490.0,15274.0,13467.0,13467.0,1606.0,,201.0,,784.0,279.0,,505.0,,,6163.0,276.0,3124.0,3482.0,2477.0,1005.0,,358.0,,,1997.0,0.0,2015.0,-18.0,766.0,0.0,11109.0,1974.0,1037.0,937.0,222.0,7776.0,7601.0,6412.0,281.0,908.0,,,,,,1137.0,,,,,,,,9544.0,1766.0,7778.0,7778.0,7778.0,7778.0,,,,7778.0,0.23,0.23,34196.0,34196.0,14490.0,7778.0,7793.0,201.0,498.0,7778.0,-18.0,-18.0,0.0,-3.33,,,,175.0,,,,,,,,,,,
MCBC,10,MCBC,2020-12-31,23585.0,16513.0,17401.0,15523.0,15523.0,1712.0,,166.0,,888.0,370.0,,518.0,,,7072.0,186.0,2030.0,2030.0,1073.0,957.0,,365.0,,,2432.0,,2432.0,13.0,2610.0,-800.0,11966.0,1945.0,971.0,974.0,306.0,6787.0,6787.0,6593.0,194.0,1048.0,,,,,,3234.0,,,,,,,,10819.0,1822.0,8997.0,8997.0,8997.0,8997.0,,,,8997.0,0.26,0.26,34155.0,34155.0,15713.0,8997.0,8997.0,166.0,516.0,8997.0,13.0,13.0,0.0,0.0,,,,175.0,,,,,,,,,,,
MCBC,11,MCBC,2020-09-30,20399.0,14674.0,15822.0,13854.0,13854.0,1828.0,,140.0,,1148.0,621.0,,527.0,,,5725.0,215.0,3083.0,3450.0,2529.0,921.0,,367.0,,,1546.0,0.0,1546.0,0.0,881.0,-500.0,11166.0,1993.0,1026.0,967.0,260.0,7715.0,7476.0,6480.0,235.0,761.0,,,,,,1198.0,,,,,,,,8733.0,1613.0,7120.0,7120.0,7120.0,7120.0,,,,7120.0,0.21,0.21,34110.0,34110.0,14174.0,7120.0,7120.0,140.0,648.0,7120.0,0.0,0.0,0.0,0.0,,,,239.0,,,,,,,,,,,
MCBC,12,MCBC,2020-06-30,20901.0,15047.0,16507.0,14488.0,14488.0,1933.0,,86.0,,1460.0,895.0,,565.0,,,5854.0,231.0,1805.0,1805.0,860.0,945.0,,327.0,,,1849.0,0.0,1849.0,-2.0,2200.0,-1000.0,10504.0,1831.0,949.0,882.0,247.0,5842.0,5842.0,5766.0,76.0,787.0,,,,,,2831.0,,,,,,,,9397.0,1759.0,7638.0,7638.0,7638.0,7638.0,,,,7638.0,0.22,0.22,34109.0,34109.0,14047.0,7638.0,7638.0,86.0,736.0,7638.0,-2.0,-2.0,0.0,0.0,,,,239.0,,,,,,,,,,,
MCBC,13,MCBC,2020-03-31,19884.0,15303.0,17494.0,14851.0,14851.0,2067.0,,576.0,,2191.0,1603.0,,588.0,,,4581.0,242.0,3035.0,3382.0,2447.0,935.0,,347.0,,,619.0,0.0,650.0,-31.0,685.0,-700.0,11344.0,1864.0,1009.0,855.0,291.0,7794.0,7556.0,6691.0,105.0,760.0,,,,,,1395.0,,,,,,,,7840.0,1429.0,6411.0,6411.0,6411.0,6411.0,,,,6411.0,0.19,0.19,34107.0,34107.0,14603.0,6411.0,6436.0,576.0,721.0,6411.0,-31.0,-31.0,0.0,-5.6513,,,,238.0,,,,,,,,,,,
MCBC,14,MCBC,2019-12-31,20764.0,15675.0,18435.0,15430.0,15430.0,1945.0,,1059.0,,2760.0,1889.0,,870.0,,,5089.0,235.0,2146.0,2146.0,1147.0,999.0,,357.0,,,697.0,,697.0,-45.0,2246.0,0.0,10643.0,1763.0,940.0,823.0,300.0,5784.0,5784.0,5784.0,0.0,754.0,,,,,,3096.0,,,,,,,,10121.0,1949.0,8172.0,8172.0,8172.0,8172.0,,,,8172.0,0.24,0.24,34080.0,34080.0,15675.0,8172.0,8172.0,1059.0,537.0,8172.0,-45.0,-45.0,0.0,0.0,,,,230.0,,,,,,,,,,,
MCBC,15,MCBC,2019-09-30,20702.0,15836.0,19079.0,15604.0,15604.0,2045.0,,1430.0,,3243.0,2343.0,,900.0,,,4866.0,252.0,3181.0,3528.0,2608.0,920.0,,347.0,,,824.0,0.0,824.0,0.0,609.0,0.0,10662.0,1853.0,966.0,887.0,211.0,7338.0,7110.0,6272.0,103.0,735.0,,,,,,1260.0,,,,,,,,10040.0,1882.0,8158.0,8158.0,8158.0,8158.0,,,,8158.0,0.24,0.24,34061.0,34061.0,15836.0,8158.0,8158.0,1430.0,347.0,8158.0,0.0,0.0,0.0,0.0,,,,228.0,,,,,,,,,,,
MCBC,16,MCBC,2019-06-30,20722.0,15955.0,19239.0,16125.0,16125.0,2010.0,,1104.0,,3284.0,2365.0,,919.0,,,4767.0,249.0,3197.0,3562.0,2559.0,1003.0,,365.0,,,648.0,0.0,614.0,34.0,673.0,200.0,11003.0,1862.0,996.0,866.0,211.0,7595.0,7362.0,6379.0,222.0,761.0,,,,,,1335.0,,,,,,,,9919.0,1916.0,8003.0,8003.0,8003.0,8003.0,,,,8003.0,0.24,0.24,34043.0,34043.0,16155.0,8003.0,7976.0,1104.0,696.0,8003.0,34.0,34.0,0.0,6.5688,,,,233.0,,,,,,,,,,,
MCBC,17,MCBC,2019-03-31,20348.0,16020.0,19189.0,16450.0,16450.0,1995.0,,744.0,,3169.0,2256.0,,913.0,,,4328.0,236.0,1940.0,1940.0,1050.0,890.0,,345.0,,,211.0,0.0,211.0,35.0,2177.0,250.0,11238.0,1937.0,1093.0,844.0,230.0,6364.0,6364.0,6244.0,120.0,730.0,,,,,,2937.0,,,,,,,,9360.0,1714.0,7646.0,7646.0,7646.0,7646.0,,,,7646.0,0.22,0.22,34040.0,34040.0,16270.0,7646.0,7646.0,744.0,632.0,7646.0,35.0,35.0,0.0,0.0,,,,228.0,,,,,,,,,,,
MCBC,18,MCBC,2018-12-31,20033.0,15628.0,18496.0,15784.0,15784.0,1954.0,,757.0,,2868.0,1960.0,,907.0,,,4405.0,227.0,2019.0,2019.0,1135.0,884.0,,356.0,,,291.0,,291.0,657.0,2095.0,-850.0,10397.0,1735.0,948.0,787.0,200.0,6392.0,6392.0,6265.0,127.0,747.0,,,,,,2270.0,,,,,,,,8786.0,1743.0,7043.0,7043.0,7043.0,7043.0,,,,7043.0,0.21,0.21,34031.0,34031.0,14778.0,7043.0,7043.0,757.0,668.0,7043.0,657.0,657.0,0.0,0.0,,,,196.0,,,,,,,,,,,
MCBC,19,MCBC,2018-09-30,19274.0,15162.0,17687.0,14952.0,14952.0,1921.0,,814.0,,2525.0,1609.0,,916.0,,,4112.0,239.0,3086.0,3447.0,2558.0,889.0,,361.0,,,244.0,,270.0,-26.0,543.0,,10852.0,1699.0,939.0,760.0,188.0,7573.0,7345.0,6360.0,238.0,747.0,,,,,,1392.0,,,,,,,,8422.0,1570.0,6852.0,6852.0,6852.0,6852.0,,,,6852.0,0.2,0.2,34014.0,34014.0,15162.0,6852.0,6873.0,814.0,637.0,6852.0,-26.0,-26.0,0.0,-4.8464,,,,228.0,,,,,,,,,,,
MCBC,20,MCBC,2018-06-30,18745.0,14653.0,16836.0,14406.0,14406.0,1943.0,,487.0,,2183.0,1319.0,,864.0,,,4092.0,237.0,3060.0,3419.0,2474.0,945.0,,359.0,,,205.0,,222.0,-17.0,590.0,300.0,10883.0,1746.0,973.0,773.0,215.0,7657.0,7428.0,6389.0,242.0,797.0,,,,,,1265.0,,,,,,,,8162.0,1434.0,6728.0,6728.0,6728.0,6728.0,,,,6728.0,0.2,0.2,34017.0,34017.0,14953.0,6728.0,6742.0,487.0,723.0,6728.0,-17.0,-17.0,0.0,-2.9869,,,,229.0,,,,,,,,,,,
MCBC,21,MCBC,2018-03-31,17576.0,14182.0,16019.0,13710.0,13710.0,1941.0,,368.0,,1837.0,994.0,,843.0,,,3394.0,238.0,2920.0,3252.0,2327.0,925.0,,332.0,,,-265.0,,141.0,-406.0,501.0,100.0,10696.0,1877.0,1072.0,805.0,202.0,7360.0,7131.0,6194.0,242.0,695.0,,,,,,1257.0,,,,,,,,6980.0,1225.0,5755.0,5755.0,5755.0,5755.0,,,,5755.0,0.17,0.17,34010.0,34012.0,14282.0,5755.0,6090.0,368.0,534.0,5755.0,-406.0,-406.0,0.0,-71.253,,,,229.0,,,,,,,,,,,
MCBC,22,MCBC,2017-12-31,17927.0,13517.0,15159.0,13268.0,13268.0,1554.0,,338.0,,1642.0,842.0,,800.0,,,4410.0,239.0,1991.0,1991.0,1125.0,866.0,,336.0,,,301.0,0.0,301.0,-147.0,2118.0,0.0,11253.0,1698.0,926.0,772.0,191.0,6575.0,6575.0,6440.0,135.0,691.0,,,,,,2980.0,,,,,,,,6674.0,4480.0,2194.0,2194.0,2194.0,2194.0,,,,2194.0,0.06,0.06,33959.0,33965.0,13517.0,2194.0,2194.0,338.0,850.0,2194.0,-147.0,-147.0,0.0,0.0,,,,204.0,,,,,,,,,,,
MCBC,23,MCBC,2017-09-30,17295.0,13138.0,14626.0,12804.0,12804.0,1437.0,,385.0,,1488.0,732.0,,756.0,,,4157.0,249.0,2964.0,3297.0,2496.0,801.0,,333.0,,,559.0,,369.0,190.0,385.0,350.0,10613.0,1719.0,922.0,797.0,199.0,7345.0,7119.0,6211.0,253.0,655.0,,,,,,1350.0,,,,,,,,7032.0,2157.0,4875.0,4875.0,4875.0,4875.0,,,,4875.0,0.14,0.14,33942.0,33947.0,13488.0,4875.0,4743.0,385.0,462.0,4875.0,190.0,190.0,0.0,58.273,,,,226.0,,,,,,,,,,,
MCBC,24,MCBC,2017-06-30,17159.0,12705.0,14042.0,12540.0,12540.0,1313.0,,189.0,,1337.0,557.0,,780.0,,,4454.0,243.0,2957.0,3281.0,2448.0,833.0,,324.0,,,776.0,,476.0,300.0,478.0,500.0,10768.0,1741.0,991.0,750.0,197.0,7361.0,7136.0,6153.0,252.0,731.0,,,,,,1469.0,,,,,,,,6891.0,2129.0,4762.0,4762.0,4762.0,4762.0,,,,4762.0,0.14,0.14,33942.0,33948.0,13205.0,4762.0,4555.0,189.0,436.0,4762.0,300.0,300.0,0.0,92.7,,,,225.0,,,,,,,,,,,
MCBC,25,MCBC,2017-03-31,16586.0,12583.0,13848.0,12455.0,12455.0,1301.0,,92.0,,1265.0,481.0,,784.0,,,4003.0,238.0,2726.0,3039.0,2261.0,778.0,,313.0,,,516.0,3.0,428.0,85.0,523.0,500.0,10660.0,1758.0,1026.0,732.0,225.0,7161.0,6934.0,5999.0,253.0,682.0,,,,,,1516.0,,,,,,,,6426.0,1966.0,4460.0,4460.0,4460.0,4460.0,,,,4460.0,0.13,0.13,33941.0,33949.0,13083.0,4460.0,4401.0,92.0,537.0,4460.0,85.0,85.0,0.0,26.0015,,,,227.0,,,,,,,,,,,
MCBC,26,MCBC,2016-12-31,17148.0,12292.0,13496.0,12172.0,12172.0,1240.0,,84.0,,1204.0,438.0,,766.0,,,4856.0,229.0,1923.0,1923.0,1113.0,810.0,,359.0,,,789.0,25.0,789.0,91.0,2144.0,250.0,11488.0,1785.0,1005.0,780.0,363.0,6485.0,6485.0,6345.0,140.0,698.0,,,,,,3218.0,,,,,,,,5910.0,1802.0,4108.0,4108.0,4108.0,4108.0,,,,4108.0,0.12,0.12,33921.0,33923.0,12542.0,4108.0,4108.0,84.0,656.0,4108.0,91.0,91.0,0.0,0.0,,,,175.0,,,,,,,,,,,
Bk,5,Bk,2022-03-31,3847000.0,698000.0,778000.0,260000.0,260000.0,465000.0,16000.0,37000.0,,80000.0,-37000.0,3000.0,98000.0,12000.0,4000.0,3149000.0,33000.0,3079000.0,3158000.0,2275000.0,883000.0,,79000.0,,207000.0,70000.0,70000.0,,,39000.0,-2000.0,2927000.0,521000.0,122000.0,399000.0,370000.0,1702000.0,1702000.0,1702000.0,,,17000.0,17000.0,17000.0,17000.0,,317000.0,,,,,,,,918000.0,153000.0,699000.0,773000.0,765000.0,765000.0,,74000.0,,699000.0,0.86,0.86,809469.0,813986.0,696000.0,773000.0,773000.0,53000.0,17000.0,773000.0,,,0.0,0.0,,,5000.0,,,,,8000.0,,,,,,,
Bk,6,Bk,2021-12-31,3940000.0,677000.0,729000.0,253000.0,253000.0,449000.0,-4000.0,31000.0,,52000.0,-45000.0,2000.0,91000.0,2000.0,2000.0,3263000.0,45000.0,3156000.0,3231000.0,2335000.0,896000.0,,75000.0,,199000.0,107000.0,107000.0,,,28000.0,17000.0,2892000.0,512000.0,133000.0,379000.0,390000.0,1633000.0,1633000.0,1633000.0,,,19000.0,19000.0,19000.0,19000.0,,338000.0,,,,,,,,1065000.0,196000.0,822000.0,863000.0,869000.0,869000.0,,41000.0,,822000.0,1.01,1.01,811463.0,817345.0,694000.0,863000.0,863000.0,27000.0,19000.0,863000.0,,,0.0,0.0,,,-6000.0,,,,,-6000.0,,,,,,,
Bk,7,Bk,2021-09-30,3959000.0,641000.0,693000.0,238000.0,238000.0,432000.0,-9000.0,32000.0,1000.0,52000.0,-44000.0,3000.0,91000.0,2000.0,1000.0,3318000.0,33000.0,3189000.0,3265000.0,2352000.0,913000.0,,76000.0,,185000.0,129000.0,129000.0,,,39000.0,45000.0,2842000.0,492000.0,120000.0,372000.0,363000.0,1584000.0,1584000.0,1584000.0,,,19000.0,19000.0,19000.0,19000.0,,384000.0,,,,,,,,1162000.0,219000.0,881000.0,947000.0,943000.0,943000.0,,66000.0,,881000.0,1.04,1.04,844088.0,849028.0,686000.0,947000.0,947000.0,23000.0,19000.0,947000.0,,,0.0,0.0,,,20000.0,,,,,4000.0,,,,,,,
Bk,8,Bk,2021-06-30,3887000.0,645000.0,685000.0,237000.0,237000.0,437000.0,-14000.0,25000.0,,40000.0,-49000.0,1000.0,91000.0,-5000.0,2000.0,3242000.0,29000.0,3151000.0,3224000.0,2335000.0,889000.0,,73000.0,,184000.0,91000.0,91000.0,,,42000.0,86000.0,2705000.0,487000.0,122000.0,365000.0,363000.0,1518000.0,1518000.0,1518000.0,,,20000.0,20000.0,20000.0,20000.0,,317000.0,,,,,,,,1268000.0,241000.0,991000.0,1022000.0,1027000.0,1027000.0,,31000.0,,991000.0,1.14,1.13,869460.0,873475.0,731000.0,1022000.0,1022000.0,11000.0,20000.0,1022000.0,,,0.0,0.0,,,-1000.0,,,,,-5000.0,,,,,,,
Bk,9,Bk,2021-03-31,3847000.0,655000.0,738000.0,230000.0,230000.0,478000.0,-2000.0,32000.0,1000.0,83000.0,-37000.0,2000.0,119000.0,-3000.0,2000.0,3192000.0,33000.0,3183000.0,3257000.0,2367000.0,890000.0,,74000.0,,231000.0,9000.0,9000.0,,,33000.0,83000.0,2777000.0,485000.0,123000.0,362000.0,343000.0,1602000.0,1602000.0,1602000.0,,,24000.0,24000.0,24000.0,24000.0,,323000.0,,,,,,,,1153000.0,221000.0,858000.0,927000.0,932000.0,932000.0,,69000.0,,858000.0,0.97,0.97,882558.0,885655.0,738000.0,927000.0,927000.0,30000.0,24000.0,927000.0,,,0.0,0.0,,,-14000.0,,,,,-5000.0,,,,,,,
Bk,10,Bk,2020-12-31,3768000.0,680000.0,680000.0,236000.0,236000.0,497000.0,3000.0,40000.0,1000.0,96000.0,-33000.0,2000.0,123000.0,1000.0,3000.0,3088000.0,43000.0,2852000.0,2927000.0,2043000.0,884000.0,46000.0,75000.0,,198000.0,20000.0,20000.0,,-49000.0,6000.0,-15000.0,2850000.0,532000.0,173000.0,359000.0,381000.0,1554000.0,1554000.0,1554000.0,,26000.0,26000.0,26000.0,26000.0,26000.0,,357000.0,22000.0,,,,,,,903000.0,148000.0,702000.0,750000.0,755000.0,755000.0,,48000.0,,702000.0,0.79,0.79,889928.0,891846.0,665000.0,750000.0,750000.0,43000.0,26000.0,750000.0,-49000.0,-49000.0,0.0,0.0,,,-31000.0,,,,,-5000.0,,,,,,,
Bk,11,Bk,2020-09-30,3762000.0,703000.0,820000.0,240000.0,240000.0,522000.0,10000.0,48000.0,,117000.0,-29000.0,3000.0,135000.0,6000.0,2000.0,3059000.0,33000.0,2977000.0,3062000.0,2227000.0,835000.0,49000.0,85000.0,,137000.0,82000.0,82000.0,,4000.0,-23000.0,-9000.0,2596000.0,476000.0,136000.0,340000.0,355000.0,1466000.0,1466000.0,1466000.0,,17000.0,26000.0,26000.0,26000.0,26000.0,,273000.0,23000.0,,,,,,,1157000.0,213000.0,876000.0,937000.0,944000.0,944000.0,,61000.0,,876000.0,0.98,0.98,889499.0,891069.0,694000.0,937000.0,937000.0,58000.0,26000.0,937000.0,4000.0,4000.0,0.0,0.0,,,-14000.0,,,,,-7000.0,,,,,,,
Bk,12,Bk,2020-06-30,3925000.0,780000.0,943000.0,270000.0,270000.0,579000.0,33000.0,61000.0,1000.0,163000.0,-17000.0,8000.0,170000.0,1000.0,1000.0,3145000.0,36000.0,2977000.0,3062000.0,2276000.0,786000.0,58000.0,85000.0,,166000.0,168000.0,168000.0,,3000.0,43000.0,-143000.0,2601000.0,482000.0,137000.0,345000.0,337000.0,1464000.0,1464000.0,1464000.0,,20000.0,26000.0,26000.0,26000.0,26000.0,,292000.0,19000.0,,,,,,,1181000.0,216000.0,901000.0,950000.0,965000.0,965000.0,,49000.0,,901000.0,1.01,1.01,889020.0,890561.0,637000.0,950000.0,950000.0,94000.0,26000.0,950000.0,3000.0,3000.0,0.0,0.0,,,-8000.0,,,,,-15000.0,,,,,,,
Bk,13,Bk,2020-03-31,4017000.0,814000.0,814000.0,396000.0,396000.0,640000.0,138000.0,396000.0,,756000.0,240000.0,10000.0,194000.0,275000.0,37000.0,3203000.0,36000.0,3221000.0,3312000.0,2450000.0,862000.0,59000.0,91000.0,,319000.0,-56000.0,-56000.0,,4000.0,2000.0,-169000.0,2621000.0,461000.0,135000.0,326000.0,330000.0,1482000.0,1482000.0,1482000.0,,42000.0,26000.0,26000.0,26000.0,26000.0,,322000.0,21000.0,,,,,,,1227000.0,265000.0,944000.0,980000.0,962000.0,962000.0,,36000.0,,944000.0,1.05,1.05,894122.0,896689.0,645000.0,980000.0,980000.0,534000.0,26000.0,980000.0,4000.0,4000.0,0.0,0.0,,,66000.0,,,,,18000.0,,,,,,,
Bk,14,Bk,2019-12-31,4686000.0,815000.0,815000.0,424000.0,424000.0,686000.0,159000.0,452000.0,,906000.0,334000.0,12000.0,220000.0,291000.0,49000.0,3871000.0,43000.0,3019000.0,3111000.0,2228000.0,883000.0,46000.0,92000.0,,168000.0,852000.0,852000.0,,815000.0,-2000.0,8000.0,2872000.0,477000.0,151000.0,326000.0,367000.0,1639000.0,1639000.0,1639000.0,,65000.0,28000.0,28000.0,28000.0,28000.0,,361000.0,20000.0,,,,,,,1822000.0,373000.0,1391000.0,1440000.0,1449000.0,1449000.0,,49000.0,,1391000.0,1.52,1.52,911324.0,914739.0,823000.0,1440000.0,1440000.0,611000.0,28000.0,1440000.0,815000.0,815000.0,0.0,0.0,,,30000.0,,,,,-9000.0,,,,,,,
Bk,15,Bk,2019-09-30,3764000.0,730000.0,730000.0,391000.0,391000.0,716000.0,175000.0,660000.0,,1212000.0,437000.0,32000.0,233000.0,443000.0,67000.0,3034000.0,33000.0,3002000.0,3099000.0,2267000.0,832000.0,49000.0,97000.0,,150000.0,32000.0,32000.0,,2000.0,-5000.0,16000.0,2493000.0,447000.0,138000.0,309000.0,316000.0,1479000.0,1479000.0,1479000.0,,47000.0,30000.0,30000.0,30000.0,30000.0,,221000.0,21000.0,,,,,,,1287000.0,246000.0,1002000.0,1038000.0,1041000.0,1041000.0,,36000.0,,1002000.0,1.07,1.07,933264.0,935677.0,746000.0,1038000.0,1038000.0,835000.0,30000.0,1038000.0,2000.0,2000.0,0.0,0.0,,,21000.0,,,,,-3000.0,,,,,,,
Bk,16,Bk,2019-06-30,3830000.0,802000.0,802000.0,484000.0,484000.0,736000.0,177000.0,568000.0,,1163000.0,432000.0,38000.0,241000.0,372000.0,80000.0,3028000.0,32000.0,2968000.0,3062000.0,2229000.0,833000.0,50000.0,94000.0,,166000.0,60000.0,60000.0,,,2000.0,8000.0,2553000.0,442000.0,138000.0,304000.0,337000.0,1421000.0,1421000.0,1421000.0,,56000.0,30000.0,30000.0,30000.0,30000.0,,323000.0,,,,,,,,1285000.0,264000.0,969000.0,1017000.0,1021000.0,1021000.0,,48000.0,,969000.0,1.01,1.01,951281.0,953928.0,810000.0,1017000.0,1017000.0,745000.0,30000.0,1017000.0,,,0.0,0.0,,,16000.0,,,,,-4000.0,,,,,,,
Bk,17,Bk,2019-03-31,3808000.0,841000.0,841000.0,490000.0,490000.0,754000.0,202000.0,474000.0,,1079000.0,391000.0,32000.0,248000.0,331000.0,77000.0,2967000.0,30000.0,2905000.0,2996000.0,2155000.0,841000.0,51000.0,91000.0,,170000.0,62000.0,62000.0,,,6000.0,-7000.0,2608000.0,420000.0,137000.0,283000.0,325000.0,1524000.0,1524000.0,1524000.0,,45000.0,29000.0,29000.0,29000.0,29000.0,,310000.0,,,,,,,,1193000.0,237000.0,910000.0,946000.0,956000.0,956000.0,,36000.0,,910000.0,0.94,0.94,962397.0,965960.0,834000.0,946000.0,946000.0,676000.0,29000.0,946000.0,,,0.0,0.0,,,10000.0,,,,,-10000.0,,,,,,,
Bk,18,Bk,2018-12-31,3622000.0,851000.0,851000.0,500000.0,500000.0,723000.0,206000.0,435000.0,,979000.0,350000.0,21000.0,235000.0,303000.0,70000.0,2771000.0,42000.0,2978000.0,3084000.0,2122000.0,962000.0,54000.0,106000.0,,166000.0,-207000.0,-207000.0,,,11000.0,6000.0,2900000.0,450000.0,153000.0,297000.0,339000.0,1628000.0,1628000.0,1628000.0,,66000.0,52000.0,52000.0,52000.0,52000.0,,431000.0,,,,,,,,728000.0,-453000.0,1126000.0,1175000.0,1181000.0,1181000.0,,49000.0,,1126000.0,0.84,0.84,984343.0,988650.0,857000.0,1175000.0,1175000.0,641000.0,52000.0,1175000.0,,,0.0,0.0,,,22000.0,,,,,-6000.0,,,,,,,
Bk,19,Bk,2018-09-30,3970000.0,891000.0,891000.0,473000.0,473000.0,696000.0,184000.0,281000.0,,743000.0,237000.0,32000.0,226000.0,190000.0,58000.0,3079000.0,36000.0,3028000.0,3127000.0,2205000.0,922000.0,52000.0,99000.0,,155000.0,28000.0,28000.0,,7000.0,-13000.0,3000.0,2639000.0,401000.0,139000.0,262000.0,332000.0,1478000.0,1478000.0,1478000.0,,51000.0,48000.0,48000.0,48000.0,48000.0,,380000.0,17000.0,,,,,,,1334000.0,220000.0,1075000.0,1111000.0,1114000.0,1114000.0,,36000.0,,1075000.0,1.07,1.06,999808.0,1003665.0,894000.0,1111000.0,1111000.0,465000.0,48000.0,1111000.0,7000.0,7000.0,0.0,0.0,,,,,,,,-3000.0,,,,,,,
Bk,20,Bk,2018-06-30,4032000.0,916000.0,916000.0,473000.0,473000.0,658000.0,192000.0,230000.0,,637000.0,173000.0,35000.0,219000.0,158000.0,52000.0,3116000.0,31000.0,3033000.0,3139000.0,2229000.0,910000.0,53000.0,106000.0,,187000.0,33000.0,33000.0,,15000.0,19000.0,3000.0,2641000.0,422000.0,156000.0,266000.0,328000.0,1489000.0,1489000.0,1489000.0,,62000.0,48000.0,48000.0,48000.0,48000.0,,354000.0,19000.0,,,,,,,1394000.0,286000.0,1055000.0,1103000.0,1108000.0,1108000.0,,48000.0,,1055000.0,1.04,1.03,1010179.0,1014357.0,919000.0,1103000.0,1103000.0,422000.0,48000.0,1103000.0,15000.0,15000.0,0.0,0.0,,,,,,,,-5000.0,,,,,,,
Bk,21,Bk,2018-03-31,4072000.0,919000.0,919000.0,420000.0,420000.0,623000.0,168000.0,170000.0,,462000.0,117000.0,21000.0,177000.0,107000.0,40000.0,3153000.0,36000.0,3131000.0,3237000.0,2277000.0,960000.0,52000.0,106000.0,,209000.0,-14000.0,-14000.0,,46000.0,-16000.0,5000.0,2633000.0,373000.0,139000.0,234000.0,291000.0,1576000.0,1576000.0,1576000.0,,51000.0,49000.0,49000.0,49000.0,49000.0,,344000.0,16000.0,,,,,,,1444000.0,282000.0,1135000.0,1171000.0,1162000.0,1162000.0,,36000.0,,1135000.0,1.11,1.1,1016797.0,1021731.0,924000.0,1171000.0,1171000.0,338000.0,49000.0,1171000.0,46000.0,46000.0,0.0,0.0,,,,,,,,9000.0,,,,,,,
Bk,22,Bk,2017-12-31,3622000.0,851000.0,1219000.0,371000.0,371000.0,558000.0,139000.0,151000.0,,368000.0,64000.0,24000.0,164000.0,93000.0,23000.0,2771000.0,43000.0,2978000.0,3084000.0,2122000.0,962000.0,54000.0,106000.0,,166000.0,2000.0,2000.0,,0.0,-252000.0,6000.0,2820000.0,450000.0,153000.0,297000.0,338000.0,1614000.0,1614000.0,1614000.0,,66000.0,52000.0,52000.0,52000.0,52000.0,,366000.0,15000.0,-80000.0,,,,,,728000.0,-453000.0,1118000.0,1175000.0,1181000.0,1181000.0,,49000.0,,1118000.0,1.09,1.08,1024828.0,1030404.0,857000.0,1175000.0,1223000.0,290000.0,52000.0,1175000.0,-80000.0,-80000.0,0.0,-32000.0,,,,,80000.0,,,-6000.0,,,,,,,
Bk,23,Bk,2017-09-30,3907000.0,839000.0,1151000.0,370000.0,370000.0,539000.0,123000.0,119000.0,,312000.0,57000.0,15000.0,149000.0,70000.0,21000.0,3068000.0,37000.0,2976000.0,3085000.0,2184000.0,901000.0,54000.0,109000.0,,173000.0,36000.0,36000.0,,1000.0,19000.0,6000.0,2539000.0,374000.0,141000.0,233000.0,305000.0,1469000.0,1469000.0,1469000.0,,49000.0,52000.0,52000.0,52000.0,52000.0,,339000.0,18000.0,-6000.0,,,,,,1368000.0,348000.0,975000.0,1018000.0,1020000.0,1020000.0,,35000.0,,975000.0,0.94,0.94,1035337.0,1041138.0,845000.0,1018000.0,1022476.0,242000.0,52000.0,1018000.0,-6000.0,-6000.0,0.0,-1524.0,,,,,6000.0,,,-2000.0,,,,,,,
Bk,24,Bk,2017-06-30,3852000.0,826000.0,1052000.0,359000.0,359000.0,509000.0,98000.0,86000.0,,226000.0,32000.0,9000.0,129000.0,38000.0,18000.0,3026000.0,43000.0,2729000.0,2833000.0,1954000.0,879000.0,53000.0,104000.0,,151000.0,22000.0,22000.0,,-5000.0,67000.0,7000.0,2539000.0,371000.0,139000.0,232000.0,319000.0,1417000.0,1417000.0,1417000.0,,63000.0,53000.0,53000.0,53000.0,53000.0,,379000.0,17000.0,-12000.0,,,,,,1308000.0,332000.0,913000.0,975000.0,976000.0,976000.0,,49000.0,,913000.0,0.88,0.88,1035829.0,1041879.0,833000.0,975000.0,983952.0,184000.0,53000.0,975000.0,-12000.0,-12000.0,0.0,-3048.0,,,14000.0,,12000.0,,,-1000.0,,,,,,,
Bk,25,Bk,2017-03-31,3743000.0,792000.0,960000.0,320000.0,320000.0,494000.0,79000.0,67000.0,,168000.0,9000.0,7000.0,119000.0,24000.0,9000.0,2951000.0,30000.0,2667000.0,2767000.0,1925000.0,842000.0,55000.0,100000.0,,154000.0,81000.0,81000.0,,3000.0,9000.0,5000.0,2534000.0,359000.0,136000.0,223000.0,312000.0,1472000.0,1472000.0,1472000.0,,51000.0,52000.0,52000.0,52000.0,52000.0,,339000.0,14000.0,-8000.0,,,,,,1206000.0,269000.0,866000.0,922000.0,937000.0,937000.0,,42000.0,,866000.0,0.83,0.83,1041158.0,1047746.0,797000.0,922000.0,928216.0,146000.0,52000.0,922000.0,-8000.0,-8000.0,0.0,-1784.0,,,10000.0,,8000.0,,,-15000.0,,,,,,,
Bk,26,Bk,2016-12-31,3692000.0,831000.0,928000.0,307000.0,307000.0,499000.0,56000.0,66000.0,,97000.0,-5000.0,3000.0,87000.0,8000.0,4000.0,2861000.0,53000.0,2615000.0,2713000.0,1865000.0,848000.0,50000.0,98000.0,,175000.0,20000.0,20000.0,,1000.0,12000.0,-7000.0,2526000.0,390000.0,153000.0,237000.0,325000.0,1395000.0,1395000.0,1395000.0,,71000.0,60000.0,60000.0,60000.0,60000.0,,356000.0,15000.0,-7000.0,,,,,,1152000.0,280000.0,809000.0,870000.0,872000.0,872000.0,,48000.0,,809000.0,0.77,0.77,1050888.0,1056818.0,824000.0,870000.0,875299.0,122000.0,60000.0,870000.0,-7000.0,-7000.0,0.0,-1701.0,,,-14000.0,,7000.0,,,-2000.0,,6000.0,6000.0,,,,
GS,5,GS,2022-03-31,12933000.0,1827000.0,3212000.0,1550000.0,1550000.0,1471000.0,8000.0,-202000.0,385000.0,1385000.0,370000.0,77000.0,754000.0,11000.0,173000.0,11106000.0,,3075000.0,3075000.0,,2064000.0,1011000.0,,,4141000.0,0.0,0.0,,,-90000.0,-561000.0,7591000.0,251000.0,251000.0,,437000.0,4245000.0,4083000.0,4083000.0,,,492000.0,492000.0,,,,2166000.0,,-125000.0,,,,125000.0,,4656000.0,717000.0,3831000.0,3939000.0,3939000.0,3939000.0,,108000.0,,3831000.0,10.87,10.76,351200.0,355900.0,1266000.0,3939000.0,4044750.0,-194000.0,492000.0,3939000.0,-125000.0,-125000.0,0.0,-19250.0,,2131000.0,5900000.0,162000.0,,,,,,,,,,,
GS,6,GS,2021-12-31,12639000.0,1795000.0,3010000.0,1441000.0,1441000.0,1509000.0,-15000.0,-329000.0,404000.0,1215000.0,325000.0,94000.0,754000.0,-41000.0,83000.0,10844000.0,,3072000.0,3072000.0,,2219000.0,853000.0,,,1106000.0,0.0,0.0,,,1912000.0,-344000.0,7088000.0,254000.0,254000.0,,511000.0,3439000.0,3246000.0,3246000.0,,,488000.0,488000.0,,,,2396000.0,,-182000.0,,9000.0,,182000.0,,5025000.0,1090000.0,3809000.0,3935000.0,3935000.0,3935000.0,,126000.0,,3809000.0,10.96,10.81,346600.0,352300.0,1451000.0,3935000.0,4077521.0,-344000.0,488000.0,3935000.0,-182000.0,-182000.0,0.0,-39479.0,,3604000.0,4168000.0,193000.0,,,,,,,,,,,
GS,7,GS,2021-09-30,13608000.0,1564000.0,3117000.0,1363000.0,1363000.0,1588000.0,-13000.0,-220000.0,399000.0,1553000.0,319000.0,115000.0,843000.0,33000.0,243000.0,12044000.0,,2999000.0,2999000.0,,2139000.0,860000.0,,,1779000.0,0.0,0.0,,,1568000.0,-175000.0,6539000.0,239000.0,239000.0,,433000.0,3332000.0,3167000.0,3167000.0,,,509000.0,509000.0,,,,2026000.0,,-52000.0,,,,52000.0,,6842000.0,1464000.0,5284000.0,5378000.0,5378000.0,5378000.0,,94000.0,,5284000.0,15.14,14.93,348300.0,353900.0,1389000.0,5378000.0,5418873.0,-233000.0,509000.0,5378000.0,-52000.0,-52000.0,0.0,-11127.0,,3548000.0,5497000.0,165000.0,,,,,,,,,,,
GS,8,GS,2021-06-30,15388000.0,1629000.0,2939000.0,1295000.0,1295000.0,1508000.0,7000.0,-250000.0,379000.0,1310000.0,316000.0,160000.0,741000.0,25000.0,68000.0,13759000.0,,2738000.0,2738000.0,,1905000.0,833000.0,1125000.0,,-108000.0,0.0,0.0,,,4297000.0,92000.0,8414000.0,241000.0,241000.0,,344000.0,5378000.0,5263000.0,5263000.0,,,520000.0,520000.0,,,,1931000.0,,-226000.0,,,,226000.0,,6840000.0,1354000.0,5347000.0,5486000.0,5486000.0,5486000.0,,139000.0,,5347000.0,15.22,15.02,350800.0,356000.0,1721000.0,5486000.0,5667263.0,-243000.0,520000.0,5486000.0,-226000.0,-226000.0,0.0,-44737.0,,3450000.0,7571000.0,115000.0,,,,,,,,,,,
GS,9,GS,2021-03-31,17704000.0,1482000.0,3054000.0,1220000.0,1220000.0,1700000.0,-3000.0,-181000.0,318000.0,1572000.0,343000.0,158000.0,893000.0,-17000.0,195000.0,16222000.0,,2869000.0,2869000.0,,1796000.0,1073000.0,,,2850000.0,0.0,0.0,,,3894000.0,70000.0,9363000.0,247000.0,247000.0,,360000.0,6123000.0,6043000.0,6043000.0,,,498000.0,498000.0,,,,2135000.0,,-74000.0,,,,74000.0,,8337000.0,1501000.0,6711000.0,6836000.0,6836000.0,6836000.0,,125000.0,,6711000.0,18.8,18.6,356600.0,360900.0,1552000.0,6836000.0,6896680.0,-184000.0,498000.0,6836000.0,-74000.0,-74000.0,0.0,-13320.0,,3566000.0,9787000.0,80000.0,,,,,,,,,,,
GS,10,GS,2020-12-31,10655000.0,1410000.0,2973000.0,1192000.0,1192000.0,1635000.0,11000.0,-169000.0,304000.0,1563000.0,404000.0,119000.0,936000.0,29000.0,75000.0,9245000.0,,1594000.0,2680000.0,,1831000.0,849000.0,1086000.0,,-1583000.0,0.0,0.0,,,2169000.0,-293000.0,4797000.0,254000.0,254000.0,,350000.0,2568000.0,2479000.0,2479000.0,,341000.0,498000.0,498000.0,,,,1127000.0,,-24000.0,,39000.0,0.0,24000.0,,5541000.0,1035000.0,4362000.0,4506000.0,4506000.0,4506000.0,,144000.0,,4362000.0,12.23,12.08,356000.0,361000.0,1117000.0,4506000.0,4525517.0,-158000.0,498000.0,4506000.0,-24000.0,-24000.0,0.0,-4483.0,,2732000.0,4919000.0,89000.0,,,,,,,,,,,
GS,11,GS,2020-09-30,9870000.0,1084000.0,2932000.0,1153000.0,1153000.0,1580000.0,11000.0,-67000.0,255000.0,1848000.0,505000.0,124000.0,981000.0,50000.0,188000.0,8786000.0,,1582000.0,2493000.0,,1689000.0,804000.0,911000.0,,-981000.0,0.0,0.0,,,1943000.0,-278000.0,5037000.0,235000.0,235000.0,,298000.0,3187000.0,3117000.0,3117000.0,,340000.0,468000.0,468000.0,,,,849000.0,,-6000.0,,,,6000.0,,4549000.0,932000.0,3483000.0,3617000.0,3617000.0,3617000.0,,134000.0,,3483000.0,9.77,9.68,355900.0,359900.0,806000.0,3617000.0,3621771.0,-56000.0,468000.0,3617000.0,-6000.0,-6000.0,0.0,-1229.0,,1934000.0,5270000.0,70000.0,,,,,,,,,,,
GS,12,GS,2020-06-30,12350000.0,944000.0,3034000.0,1222000.0,1222000.0,1578000.0,18000.0,-16000.0,232000.0,2090000.0,659000.0,158000.0,1131000.0,72000.0,70000.0,11406000.0,,1565000.0,2510000.0,,1635000.0,875000.0,945000.0,,42000.0,0.0,0.0,,,1321000.0,-1590000.0,6510000.0,233000.0,233000.0,,311000.0,4567000.0,4478000.0,4478000.0,,345000.0,499000.0,499000.0,,,,900000.0,,-945000.0,,,,945000.0,,3305000.0,882000.0,2247000.0,2423000.0,2423000.0,2423000.0,,176000.0,,2247000.0,6.29,6.26,355700.0,359100.0,-646000.0,2423000.0,3115809.0,2000.0,499000.0,2423000.0,-945000.0,-945000.0,0.0,-252191.0,,2733000.0,7108000.0,89000.0,,,,,,,,,,,
GS,13,GS,2020-03-31,7768000.0,1313000.0,4750000.0,1316000.0,1316000.0,2044000.0,205000.0,534000.0,651000.0,3437000.0,818000.0,141000.0,1105000.0,448000.0,925000.0,6455000.0,,1813000.0,2788000.0,,1768000.0,1020000.0,975000.0,,,0.0,0.0,,,-782000.0,-937000.0,5299000.0,238000.0,238000.0,,347000.0,3388000.0,3235000.0,3235000.0,,321000.0,437000.0,437000.0,,,,889000.0,,-184000.0,,,-1000.0,184000.0,,1348000.0,135000.0,1123000.0,1213000.0,1213000.0,1213000.0,,90000.0,,1123000.0,3.12,3.11,358000.0,361100.0,376000.0,1213000.0,1378600.0,739000.0,437000.0,1213000.0,-184000.0,-184000.0,0.0,-18400.0,,1742000.0,2900000.0,153000.0,,,,,,,,,,,
GS,14,GS,2019-12-31,9141000.0,1065000.0,4922000.0,1709000.0,1709000.0,1625000.0,230000.0,692000.0,666000.0,3857000.0,879000.0,168000.0,1240000.0,528000.0,1042000.0,8076000.0,,1544000.0,2358000.0,,1671000.0,687000.0,814000.0,,,0.0,0.0,,,2221000.0,-336000.0,5394000.0,318000.0,318000.0,,366000.0,3246000.0,3046000.0,3046000.0,,308000.0,464000.0,464000.0,,,,1000000.0,,-1090000.0,,,,1090000.0,,2321000.0,404000.0,1724000.0,1917000.0,1917000.0,1917000.0,,193000.0,,1724000.0,4.74,4.69,362400.0,367300.0,729000.0,1917000.0,2817271.0,922000.0,464000.0,1917000.0,-1090000.0,-1090000.0,0.0,-189729.0,,1832000.0,4700000.0,200000.0,,,,,,,,,,,
GS,15,GS,2019-09-30,7470000.0,1008000.0,5459000.0,1246000.0,1246000.0,1909000.0,287000.0,1100000.0,917000.0,4451000.0,945000.0,190000.0,1321000.0,710000.0,1285000.0,6462000.0,,1461000.0,2314000.0,,1556000.0,758000.0,853000.0,,,0.0,0.0,,,930000.0,-291000.0,4716000.0,252000.0,252000.0,,350000.0,2900000.0,2731000.0,2731000.0,,283000.0,473000.0,473000.0,,,,741000.0,,-47000.0,,,,47000.0,,2416000.0,539000.0,1793000.0,1877000.0,1877000.0,1877000.0,,84000.0,,1793000.0,4.83,4.79,370000.0,374300.0,717000.0,1877000.0,1913514.0,1387000.0,473000.0,1877000.0,-47000.0,-47000.0,0.0,-10486.0,,1687000.0,3314000.0,169000.0,,,,,,,,,,,
GS,16,GS,2019-06-30,8638000.0,1071000.0,5760000.0,1256000.0,1256000.0,1935000.0,317000.0,1301000.0,951000.0,4689000.0,887000.0,168000.0,1414000.0,751000.0,1469000.0,7567000.0,,1464000.0,2287000.0,,1480000.0,807000.0,823000.0,,,0.0,0.0,,,1817000.0,-214000.0,5231000.0,234000.0,234000.0,,302000.0,3503000.0,3317000.0,3317000.0,,290000.0,399000.0,399000.0,,,,793000.0,,-66000.0,,,,66000.0,,3127000.0,706000.0,2198000.0,2421000.0,2421000.0,2421000.0,,223000.0,,2198000.0,5.86,5.81,374500.0,378000.0,857000.0,2421000.0,2472099.0,1618000.0,399000.0,2421000.0,-66000.0,-66000.0,0.0,-14901.0,,1863000.0,4240000.0,186000.0,,,,,,,,,,,
GS,17,GS,2019-03-31,8045000.0,1218000.0,5597000.0,1200000.0,1200000.0,1887000.0,377000.0,1304000.0,829000.0,4379000.0,857000.0,142000.0,1384000.0,669000.0,1327000.0,6827000.0,,1414000.0,2176000.0,,1433000.0,743000.0,762000.0,,,0.0,0.0,,,1064000.0,-224000.0,5065000.0,225000.0,225000.0,,298000.0,3443000.0,3259000.0,3259000.0,,286000.0,368000.0,368000.0,,,,731000.0,,-37000.0,,,,37000.0,,2719000.0,468000.0,2182000.0,2251000.0,2251000.0,2251000.0,,69000.0,,2182000.0,5.73,5.71,379800.0,382400.0,994000.0,2251000.0,2281636.0,1681000.0,368000.0,2251000.0,-37000.0,-37000.0,0.0,-6364.0,,1810000.0,3603000.0,184000.0,,,,,,,,,,,
GS,18,GS,2018-12-31,7250000.0,991000.0,5468000.0,1166000.0,1166000.0,1731000.0,403000.0,1268000.0,900000.0,4477000.0,791000.0,149000.0,1443000.0,667000.0,1427000.0,6259000.0,,1575000.0,2405000.0,,1567000.0,838000.0,830000.0,,,0.0,0.0,,,1220000.0,-222000.0,3804000.0,215000.0,215000.0,,317000.0,2065000.0,1857000.0,1857000.0,,262000.0,377000.0,377000.0,,,,830000.0,,-516000.0,,,0.0,516000.0,,2708000.0,170000.0,2322000.0,2538000.0,2538000.0,2538000.0,,216000.0,,2322000.0,6.11,6.04,379500.0,384300.0,769000.0,2538000.0,3021607.0,1671000.0,377000.0,2538000.0,-516000.0,-516000.0,0.0,-32393.0,,2044000.0,2640000.0,208000.0,,,,,,,,,,,
GS,19,GS,2018-09-30,7772000.0,856000.0,5061000.0,1090000.0,1090000.0,1715000.0,371000.0,1021000.0,864000.0,4205000.0,684000.0,156000.0,1454000.0,515000.0,1396000.0,6916000.0,,1570000.0,2284000.0,,1580000.0,704000.0,714000.0,,,0.0,0.0,,,-160000.0,,4718000.0,203000.0,203000.0,,238000.0,3258000.0,3091000.0,3091000.0,,250000.0,317000.0,317000.0,,,,702000.0,,24000.0,,,-160000.0,136000.0,,3078000.0,554000.0,2453000.0,2524000.0,2524000.0,2524000.0,,71000.0,,2453000.0,6.35,6.28,385400.0,390500.0,856000.0,2524000.0,2504320.0,1392000.0,317000.0,2524000.0,24000.0,24000.0,0.0,4320.0,,1980000.0,3526000.0,167000.0,,,,,,,,,,,
GS,20,GS,2018-06-30,8590000.0,1002000.0,4920000.0,1000000.0,1000000.0,1782000.0,334000.0,938000.0,866000.0,3918000.0,630000.0,184000.0,1353000.0,485000.0,1266000.0,7588000.0,,1711000.0,2523000.0,,1728000.0,795000.0,812000.0,,,0.0,0.0,,,1286000.0,,5166000.0,197000.0,197000.0,,223000.0,3649000.0,3466000.0,3466000.0,,260000.0,335000.0,335000.0,,,,762000.0,,-148000.0,,,,148000.0,,3276000.0,711000.0,2348000.0,2565000.0,2565000.0,2565000.0,,217000.0,,2348000.0,6.04,5.98,387800.0,392600.0,1002000.0,2565000.0,2680879.0,1272000.0,335000.0,2565000.0,-148000.0,-148000.0,0.0,-32121.0,,2045000.0,3832000.0,183000.0,,,,,,,,,,,
GS,21,GS,2018-03-31,9192000.0,918000.0,4230000.0,892000.0,892000.0,1666000.0,310000.0,625000.0,737000.0,3312000.0,501000.0,206000.0,1305000.0,384000.0,916000.0,8274000.0,,1657000.0,2501000.0,,1639000.0,862000.0,844000.0,,,0.0,0.0,,,1620000.0,,5729000.0,194000.0,194000.0,,235000.0,4297000.0,4115000.0,4115000.0,,251000.0,299000.0,299000.0,,,,704000.0,,-44000.0,,,,44000.0,,3419000.0,587000.0,2737000.0,2832000.0,2832000.0,2832000.0,,95000.0,,2737000.0,7.02,6.95,389100.0,393800.0,918000.0,2832000.0,2868432.0,935000.0,299000.0,2832000.0,-44000.0,-44000.0,0.0,-7568.0,,1793000.0,4824000.0,182000.0,,,,,,,,,,,
GS,22,GS,2017-12-31,7197000.0,898000.0,3736000.0,785000.0,785000.0,1568000.0,252000.0,535000.0,596000.0,2838000.0,410000.0,186000.0,1188000.0,273000.0,781000.0,6299000.0,,1689000.0,2326000.0,,1554000.0,772000.0,637000.0,,,0.0,0.0,,,1254000.0,,4080000.0,190000.0,190000.0,,304000.0,2332000.0,2157000.0,2157000.0,,230000.0,350000.0,350000.0,,,,904000.0,,-9000.0,,,-6000.0,9000.0,,3108000.0,5036000.0,-2143000.0,-1928000.0,-1928000.0,-1928000.0,,215000.0,,-2143000.0,-5.51,-5.51,389800.0,389800.0,898000.0,-1928000.0,-1922600.0,787000.0,350000.0,-1928000.0,-9000.0,-9000.0,0.0,-3600.0,,2141000.0,2469000.0,175000.0,,,,,,,,,,,
GS,23,GS,2017-09-30,7701000.0,730000.0,3411000.0,693000.0,693000.0,1492000.0,212000.0,448000.0,566000.0,2681000.0,381000.0,200000.0,1111000.0,242000.0,747000.0,6971000.0,,1508000.0,2133000.0,,1419000.0,714000.0,625000.0,,,0.0,0.0,,,1554000.0,,4707000.0,177000.0,177000.0,,227000.0,3310000.0,3172000.0,3172000.0,,220000.0,280000.0,280000.0,,,,713000.0,,-18000.0,,,,18000.0,,2976000.0,848000.0,2035000.0,2128000.0,2128000.0,2128000.0,,93000.0,,2035000.0,5.09,5.02,398200.0,405700.0,730000.0,2128000.0,2140871.0,660000.0,280000.0,2128000.0,-18000.0,-18000.0,0.0,-5129.0,,1797000.0,3666000.0,138000.0,,,,,,,,,,,
GS,24,GS,2017-06-30,7224000.0,788000.0,3220000.0,635000.0,635000.0,1493000.0,193000.0,397000.0,502000.0,2432000.0,315000.0,191000.0,1124000.0,212000.0,590000.0,6436000.0,,1564000.0,2227000.0,,1433000.0,794000.0,663000.0,,,0.0,0.0,,,1227000.0,,4715000.0,190000.0,190000.0,,229000.0,3374000.0,3233000.0,3233000.0,,224000.0,265000.0,265000.0,,,,657000.0,,-22000.0,,,,22000.0,,2509000.0,678000.0,1631000.0,1831000.0,1831000.0,1831000.0,,200000.0,,1631000.0,4.0,3.95,406100.0,413300.0,788000.0,1831000.0,1831000.0,590000.0,265000.0,1831000.0,-22000.0,-22000.0,0.0,0.0,,1730000.0,3142000.0,141000.0,,,,,,,,,,,
GS,25,GS,2017-03-31,7411000.0,516000.0,2746000.0,565000.0,565000.0,1351000.0,162000.0,281000.0,387000.0,2230000.0,274000.0,121000.0,1176000.0,136000.0,523000.0,6895000.0,,1553000.0,2168000.0,,1397000.0,771000.0,615000.0,,,0.0,0.0,,,1221000.0,,4733000.0,176000.0,176000.0,,205000.0,3425000.0,3291000.0,3291000.0,,223000.0,257000.0,257000.0,,,,670000.0,,-139000.0,,,,139000.0,,2539000.0,284000.0,2162000.0,2255000.0,2255000.0,2255000.0,,93000.0,,2162000.0,5.23,5.15,412500.0,420100.0,516000.0,2255000.0,2378432.0,443000.0,257000.0,2255000.0,-139000.0,-139000.0,0.0,-15568.0,,1703000.0,3639000.0,134000.0,,,,,,,,,,,
GS,26,GS,2016-12-31,7544000.0,336000.0,2424000.0,516000.0,516000.0,1346000.0,175000.0,235000.0,152000.0,2088000.0,251000.0,105000.0,1293000.0,88000.0,351000.0,7208000.0,,1634000.0,2260000.0,,1499000.0,761000.0,626000.0,,,0.0,0.0,,,1222000.0,,4000000.0,179000.0,179000.0,,209000.0,2578000.0,2447000.0,2447000.0,,200000.0,267000.0,267000.0,,,,767000.0,,-147000.0,,,,147000.0,,3397000.0,1050000.0,2153000.0,2347000.0,2347000.0,2347000.0,,194000.0,,2153000.0,5.17,5.08,415200.0,423500.0,336000.0,2347000.0,2448563.0,410000.0,267000.0,2347000.0,-147000.0,-147000.0,0.0,-45437.0,,1486000.0,4088000.0,131000.0,,,,,,,,,,,
DFS,5,DFS,2022-03-31,2902000.0,2479000.0,2736000.0,2696000.0,2696000.0,36000.0,,,4000.0,257000.0,139000.0,1000.0,117000.0,,,423000.0,,197000.0,197000.0,197000.0,,,,,,-162000.0,-162000.0,,,388000.0,-154000.0,1130000.0,24000.0,,,177000.0,692000.0,500000.0,500000.0,,,,,,,,237000.0,,,,,,,,1618000.0,376000.0,1205000.0,1242000.0,1242000.0,1242000.0,,31000.0,,1205000.0,4.23,4.22,285000.0,285000.0,2325000.0,1242000.0,1242000.0,,139000.0,1242000.0,,,0.0,0.0,,,,192000.0,,,,,,,,,,,
DFS,6,DFS,2021-12-31,2936000.0,2483000.0,2742000.0,2698000.0,2698000.0,40000.0,,,4000.0,259000.0,142000.0,0.0,117000.0,,,453000.0,,191000.0,191000.0,191000.0,,,,,,-138000.0,-138000.0,,,400000.0,-263000.0,1312000.0,23000.0,,,230000.0,770000.0,499000.0,499000.0,,,,,,,,289000.0,,51000.0,,,,,,1361000.0,294000.0,1062000.0,1067000.0,1067000.0,1067000.0,,0.0,,1062000.0,3.64,3.64,291000.0,292000.0,2220000.0,1067000.0,1067000.0,,144000.0,1067000.0,51000.0,51000.0,0.0,0.0,,,,271000.0,,,,,,,,,,,
DFS,7,DFS,2021-09-30,2777000.0,2405000.0,2674000.0,2626000.0,2626000.0,45000.0,,,3000.0,269000.0,156000.0,0.0,113000.0,,,372000.0,,179000.0,179000.0,179000.0,,,,,,-167000.0,-167000.0,,,360000.0,-185000.0,1190000.0,23000.0,,,198000.0,693000.0,483000.0,483000.0,,,,,,,,276000.0,,-51000.0,,,,51000.0,,1402000.0,311000.0,1055000.0,1091000.0,1091000.0,1091000.0,,30000.0,,1055000.0,3.54,3.54,298000.0,298000.0,2220000.0,1091000.0,1091000.0,,139000.0,1091000.0,-51000.0,-51000.0,0.0,0.0,,,,210000.0,,,,,,,,,,,
DFS,8,DFS,2021-06-30,3579000.0,2299000.0,2589000.0,2536000.0,2536000.0,47000.0,,,6000.0,290000.0,170000.0,,120000.0,,,1280000.0,,163000.0,163000.0,163000.0,,,,,,729000.0,729000.0,,,388000.0,-135000.0,1222000.0,22000.0,,,187000.0,673000.0,498000.0,498000.0,,,,,,,,340000.0,,-92000.0,,92000.0,,,,2222000.0,524000.0,1688000.0,1698000.0,1698000.0,1698000.0,,,,1688000.0,5.56,5.55,304000.0,304000.0,2164000.0,1698000.0,1698000.0,,129000.0,1698000.0,-92000.0,-92000.0,0.0,0.0,,,,175000.0,,,,,,,,,,,
DFS,9,DFS,2021-03-31,2795000.0,2330000.0,2646000.0,2591000.0,2591000.0,50000.0,,,5000.0,316000.0,193000.0,,123000.0,,,465000.0,,158000.0,158000.0,158000.0,,,,,,0.0,0.0,,,307000.0,365000.0,1081000.0,24000.0,,,182000.0,660000.0,506000.0,506000.0,,,,,,,,215000.0,,,,,,,,2079000.0,486000.0,1546000.0,1593000.0,1593000.0,1593000.0,,39000.0,,1546000.0,5.04,5.04,307000.0,307000.0,2695000.0,1593000.0,1593000.0,,119000.0,1593000.0,,,0.0,0.0,,,,154000.0,,,,,,,,,,,
DFS,10,DFS,2020-12-31,2824000.0,2377000.0,2760000.0,2673000.0,2673000.0,81000.0,,,6000.0,383000.0,231000.0,29000.0,123000.0,,,447000.0,,162000.0,162000.0,162000.0,,,,,,1000.0,1000.0,,,285000.0,-531000.0,1278000.0,30000.0,,30000.0,192000.0,663000.0,504000.0,504000.0,,198000.0,,,,,,393000.0,,,,,,,-195000.0,1015000.0,216000.0,794000.0,799000.0,799000.0,799000.0,,0.0,,794000.0,2.59,2.59,307000.0,307000.0,1846000.0,799000.0,799000.0,,123000.0,799000.0,,,0.0,0.0,,,,159000.0,,,,,,,,,,,
DFS,11,DFS,2020-09-30,2714000.0,2265000.0,2681000.0,2617000.0,2617000.0,58000.0,,,6000.0,416000.0,287000.0,3000.0,126000.0,,,449000.0,,150000.0,150000.0,150000.0,,,,,,0.0,0.0,,,299000.0,-750000.0,1005000.0,26000.0,,26000.0,151000.0,611000.0,471000.0,471000.0,,111000.0,,,,,,217000.0,,,,,,,-106000.0,959000.0,188000.0,751000.0,771000.0,771000.0,771000.0,,15000.0,,751000.0,2.45,2.45,306000.0,306000.0,1515000.0,771000.0,771000.0,,116000.0,771000.0,,,0.0,0.0,,,,140000.0,,,,,,,,,,,
DFS,12,DFS,2020-06-30,2662000.0,2190000.0,2672000.0,2612000.0,2612000.0,55000.0,,,5000.0,482000.0,340000.0,,142000.0,,,472000.0,,134000.0,134000.0,134000.0,,,,,,43000.0,43000.0,,,338000.0,-2046000.0,1077000.0,27000.0,,27000.0,181000.0,581000.0,452000.0,452000.0,,117000.0,,,,,,288000.0,,,,,,,-171000.0,-461000.0,-93000.0,-369000.0,-368000.0,-368000.0,-368000.0,,,,-369000.0,-1.2,-1.2,306000.0,306000.0,144000.0,-368000.0,-368000.0,,123000.0,-368000.0,,,0.0,0.0,,,,129000.0,,,,,,,,,,,
DFS,13,DFS,2020-03-31,2888000.0,2398000.0,2982000.0,2900000.0,2900000.0,58000.0,,,24000.0,584000.0,373000.0,,211000.0,,,490000.0,,163000.0,163000.0,163000.0,,,,,,36000.0,36000.0,,,327000.0,-1807000.0,1159000.0,30000.0,,30000.0,193000.0,698000.0,467000.0,467000.0,,114000.0,,,,,,238000.0,,,,,,,-124000.0,-78000.0,-17000.0,-78000.0,-61000.0,-61000.0,-61000.0,,16000.0,,-78000.0,-0.25,-0.25,308000.0,308000.0,591000.0,-61000.0,-61000.0,,123000.0,-61000.0,,,0.0,0.0,,,,231000.0,,,,,,,,,,,
DFS,14,DFS,2019-12-31,2944000.0,2424000.0,3039000.0,2949000.0,2949000.0,59000.0,,,31000.0,615000.0,393000.0,,222000.0,,,520000.0,,174000.0,174000.0,174000.0,,,,,,,,,,346000.0,-836000.0,1184000.0,27000.0,,27000.0,214000.0,681000.0,447000.0,447000.0,,113000.0,,,,,,262000.0,,,,,,,-149000.0,924000.0,216000.0,704000.0,708000.0,708000.0,708000.0,,0.0,,704000.0,2.25,2.25,312000.0,313000.0,1588000.0,708000.0,708000.0,,121000.0,708000.0,,,0.0,0.0,,,,234000.0,,,,,,,,,,,
DFS,15,DFS,2019-09-30,2900000.0,2402000.0,3040000.0,2937000.0,2937000.0,53000.0,,,50000.0,638000.0,407000.0,,231000.0,,,498000.0,,172000.0,172000.0,172000.0,,,,,,,,,,326000.0,-799000.0,1107000.0,26000.0,,26000.0,189000.0,669000.0,439000.0,439000.0,,96000.0,,,,,,223000.0,,,,,,,-127000.0,994000.0,224000.0,749000.0,770000.0,770000.0,770000.0,,15000.0,,749000.0,2.36,2.36,317000.0,317000.0,1603000.0,770000.0,770000.0,,113000.0,770000.0,,,0.0,0.0,,,,230000.0,,,,,,,,,,,
DFS,16,DFS,2019-06-30,2852000.0,2332000.0,2977000.0,2856000.0,2856000.0,39000.0,,,82000.0,645000.0,401000.0,,244000.0,,,520000.0,,150000.0,150000.0,150000.0,,,,,,,,,,370000.0,-787000.0,1078000.0,26000.0,,26000.0,183000.0,651000.0,427000.0,427000.0,,101000.0,,,,,,218000.0,,,,,,,-117000.0,987000.0,234000.0,747000.0,753000.0,753000.0,753000.0,,,,747000.0,2.32,2.32,322000.0,323000.0,1545000.0,753000.0,753000.0,,103000.0,753000.0,,,0.0,0.0,,,,224000.0,,,,,,,,,,,
DFS,17,DFS,2019-03-31,2763000.0,2305000.0,2937000.0,2819000.0,2819000.0,28000.0,,,90000.0,632000.0,386000.0,,246000.0,,,458000.0,,150000.0,150000.0,150000.0,,,,,,,,,,308000.0,-809000.0,1024000.0,28000.0,,28000.0,167000.0,620000.0,425000.0,425000.0,,99000.0,,,,,,209000.0,,,,,,,-110000.0,930000.0,204000.0,705000.0,726000.0,726000.0,726000.0,,16000.0,,705000.0,2.15,2.15,328000.0,328000.0,1496000.0,726000.0,726000.0,,99000.0,726000.0,,,0.0,0.0,,,,195000.0,,,,,,,,,,,
DFS,18,DFS,2018-12-31,2807000.0,2302000.0,2907000.0,2799000.0,2799000.0,17000.0,,,91000.0,605000.0,360000.0,,245000.0,,,505000.0,,154000.0,154000.0,154000.0,,,,,,,,,,351000.0,-800000.0,1110000.0,26000.0,,26000.0,190000.0,644000.0,414000.0,414000.0,,93000.0,,,,,,250000.0,,,,,,,-157000.0,897000.0,210000.0,681000.0,687000.0,687000.0,687000.0,,0.0,,681000.0,2.04,2.03,335000.0,335000.0,1502000.0,687000.0,687000.0,,109000.0,687000.0,,,0.0,0.0,,,,230000.0,,,,,,,,,,,
DFS,19,DFS,2018-09-30,2724000.0,2223000.0,2781000.0,2695000.0,2695000.0,10000.0,,,76000.0,558000.0,329000.0,,229000.0,,,501000.0,,150000.0,150000.0,150000.0,,,,,,,,,,351000.0,-742000.0,1015000.0,26000.0,,26000.0,166000.0,626000.0,408000.0,408000.0,,89000.0,,,,,,197000.0,,,,,,,-108000.0,967000.0,247000.0,699000.0,720000.0,720000.0,720000.0,,15000.0,,699000.0,2.05,2.05,341000.0,342000.0,1481000.0,720000.0,720000.0,,110000.0,720000.0,,,0.0,0.0,,,,218000.0,,,,,,,,,,,
DFS,20,DFS,2018-06-30,2603000.0,2129000.0,2636000.0,2560000.0,2560000.0,6000.0,,,70000.0,507000.0,287000.0,,220000.0,,,474000.0,,137000.0,137000.0,137000.0,,,,,,,,,,337000.0,-742000.0,984000.0,24000.0,,24000.0,161000.0,624000.0,400000.0,400000.0,,86000.0,,,,,,175000.0,,,,,,,-89000.0,877000.0,208000.0,663000.0,669000.0,669000.0,669000.0,,,,663000.0,1.91,1.91,348000.0,348000.0,1387000.0,669000.0,669000.0,,109000.0,669000.0,,,0.0,0.0,,,,224000.0,,,,,,,,,,,
DFS,21,DFS,2018-03-31,2575000.0,2100000.0,2569000.0,2507000.0,2507000.0,7000.0,,,55000.0,469000.0,262000.0,,207000.0,,,475000.0,,139000.0,139000.0,139000.0,,,,,,,,,,336000.0,-751000.0,968000.0,26000.0,,26000.0,155000.0,590000.0,405000.0,405000.0,,82000.0,,,,,,197000.0,,,,,,,-115000.0,856000.0,190000.0,646000.0,666000.0,666000.0,666000.0,,16000.0,,646000.0,1.82,1.82,355000.0,355000.0,1349000.0,666000.0,666000.0,,107000.0,666000.0,,,0.0,0.0,,,,185000.0,,,,,,,,,,,
DFS,22,DFS,2017-12-31,2614000.0,2120000.0,2556000.0,2503000.0,2503000.0,7000.0,,,46000.0,436000.0,238000.0,,198000.0,,,494000.0,,139000.0,139000.0,139000.0,,,,,,0.0,0.0,,,355000.0,-679000.0,1036000.0,26000.0,,26000.0,189000.0,624000.0,411000.0,411000.0,,80000.0,,,,,,197000.0,,,,,,,-117000.0,899000.0,512000.0,359000.0,387000.0,387000.0,387000.0,,9000.0,,359000.0,0.99,0.99,362000.0,362000.0,1441000.0,387000.0,387000.0,,104000.0,387000.0,,,0.0,0.0,,,,213000.0,,,,,,,,,,,
DFS,23,DFS,2017-09-30,2525000.0,2050000.0,2476000.0,2426000.0,2426000.0,6000.0,,,44000.0,426000.0,218000.0,,208000.0,,,475000.0,,138000.0,138000.0,138000.0,,,,,,3000.0,3000.0,,,337000.0,-674000.0,948000.0,25000.0,,25000.0,163000.0,574000.0,371000.0,371000.0,,78000.0,,,,,,186000.0,,,,,,,-108000.0,903000.0,301000.0,589000.0,602000.0,602000.0,602000.0,,9000.0,,589000.0,1.59,1.59,371000.0,371000.0,1376000.0,602000.0,602000.0,,101000.0,602000.0,,,0.0,0.0,,,,203000.0,,,,,,,,,,,
DFS,24,DFS,2017-06-30,2419000.0,1938000.0,2338000.0,2295000.0,2295000.0,7000.0,,,36000.0,400000.0,199000.0,,201000.0,,,481000.0,,125000.0,125000.0,125000.0,,,,,,,,,,356000.0,-640000.0,912000.0,23000.0,,23000.0,156000.0,559000.0,367000.0,367000.0,,77000.0,,,,,,174000.0,,,,,,,-97000.0,867000.0,321000.0,532000.0,546000.0,546000.0,546000.0,,10000.0,,532000.0,1.41,1.4,379000.0,379000.0,1298000.0,546000.0,546000.0,,95000.0,546000.0,,,0.0,0.0,,,,192000.0,,,,,,,,,,,
DFS,25,DFS,2017-03-31,2339000.0,1892000.0,2278000.0,2243000.0,2243000.0,7000.0,,,28000.0,386000.0,191000.0,,195000.0,,,447000.0,,128000.0,128000.0,128000.0,,,,,,,,,,319000.0,-586000.0,885000.0,25000.0,,25000.0,147000.0,531000.0,363000.0,363000.0,,80000.0,,,,,,182000.0,,,,,,,-102000.0,868000.0,304000.0,551000.0,564000.0,564000.0,564000.0,,9000.0,,551000.0,1.43,1.43,386000.0,386000.0,1306000.0,564000.0,564000.0,,93000.0,564000.0,,,0.0,0.0,,,,168000.0,,,,,,,,,,,
DFS,26,DFS,2016-12-31,2358000.0,1892000.0,2258000.0,2233000.0,2233000.0,8000.0,,,17000.0,366000.0,181000.0,0.0,185000.0,,,466000.0,,133000.0,133000.0,133000.0,,,,,,0.0,0.0,0.0,,333000.0,-578000.0,897000.0,23000.0,,23000.0,152000.0,528000.0,352000.0,352000.0,,81000.0,,,,,,194000.0,,,,,,,-113000.0,883000.0,320000.0,550000.0,563000.0,563000.0,563000.0,,9000.0,,550000.0,1.4,1.4,392000.0,393000.0,1314000.0,563000.0,563000.0,,89000.0,563000.0,,,0.0,0.0,,,,176000.0,,,,,,,,,,,
WAL,5,WAL,2022-03-31,529200.0,449500.0,484500.0,434700.0,434700.0,48000.0,,,1800.0,35000.0,14100.0,,20900.0,,,79700.0,,33100.0,53200.0,53200.0,,,20100.0,3100.0,,37100.0,300.0,36900.0,-100.0,9500.0,-6700.0,228000.0,12800.0,12800.0,,24000.0,149900.0,145500.0,138300.0,7200.0,17600.0,,,,,,41300.0,4100.0,-400.0,,,0.0,,,298200.0,58100.0,236900.0,240100.0,240100.0,240100.0,,3200.0,,236900.0,2.23,2.22,106000.0,106600.0,442800.0,240100.0,240503.0,,16500.0,240100.0,-500.0,-500.0,0.0,-97.5,,,,4400.0,400.0,,,,,,,,,,
WAL,6,WAL,2021-12-31,524300.0,450600.0,483300.0,438600.0,438600.0,43700.0,,,1000.0,32700.0,12800.0,,19900.0,,,73700.0,,-10400.0,14300.0,14300.0,,,24700.0,2700.0,,81100.0,7500.0,73200.0,400.0,3000.0,-6000.0,210800.0,12400.0,12400.0,,20800.0,133800.0,127700.0,120600.0,7100.0,17900.0,,,,,,43800.0,5200.0,-2700.0,,,5900.0,,,310000.0,64000.0,242500.0,246000.0,246000.0,246000.0,,3500.0,,242500.0,2.33,2.32,103900.0,104500.0,444600.0,246000.0,247826.0,,12900.0,246000.0,-2300.0,-2300.0,0.0,-473.8,,,,6100.0,-3200.0,,,,,,,,,,
WAL,7,WAL,2021-09-30,521300.0,410400.0,442800.0,398000.0,398000.0,43500.0,,,1300.0,32400.0,12300.0,,20100.0,,,110900.0,1000.0,-12100.0,13900.0,13900.0,,,26000.0,2800.0,1900.0,120100.0,-2200.0,121000.0,1300.0,,-12300.0,206700.0,12400.0,12400.0,,13700.0,140600.0,139700.0,133500.0,6200.0,1900.0,1900.0,1900.0,1900.0,1900.0,,38100.0,2500.0,-2400.0,,,,,,302400.0,65500.0,236900.0,236900.0,236900.0,236900.0,,,,236900.0,2.29,2.28,103300.0,103900.0,398100.0,236900.0,237761.0,,1900.0,236900.0,-1100.0,-1100.0,0.0,-238.7,,,,900.0,2400.0,,,,,,,,,,
WAL,8,WAL,2021-06-30,468700.0,370500.0,398500.0,353800.0,353800.0,43500.0,,,1200.0,28000.0,11600.0,,16400.0,,,98200.0,900.0,-41400.0,-8900.0,-8900.0,,,32500.0,2900.0,1500.0,136700.0,3200.0,132000.0,1500.0,500.0,14500.0,198100.0,10400.0,10400.0,,14000.0,136100.0,134400.0,128900.0,5500.0,1500.0,1800.0,1800.0,1800.0,1800.0,,35800.0,6800.0,-15700.0,,,,,,276200.0,52400.0,223800.0,223800.0,223800.0,223800.0,,,,223800.0,2.18,2.17,102700.0,103400.0,385000.0,223800.0,235302.0,,1800.0,223800.0,-14200.0,-14200.0,0.0,-2698.0,,,,1700.0,15700.0,,,,,,,,,,
WAL,9,WAL,2021-03-31,320600.0,317300.0,334100.0,298400.0,298400.0,34000.0,,,1700.0,16800.0,10800.0,100.0,6000.0,,,3300.0,1000.0,-900.0,8200.0,6600.0,,,9100.0,2900.0,2200.0,-1200.0,-1500.0,,300.0,2200.0,32400.0,125800.0,8600.0,8600.0,,10100.0,88500.0,87900.0,83700.0,4200.0,800.0,500.0,500.0,500.0,500.0,,18100.0,7600.0,-400.0,,,,,-400.0,234400.0,41900.0,192500.0,192500.0,192500.0,192500.0,,,,192500.0,1.91,1.9,100800.0,101400.0,349700.0,192500.0,192582.0,,500.0,192500.0,-100.0,-100.0,0.0,-17.88,,,,600.0,400.0,,,,1600.0,,,,,,
WAL,10,WAL,2020-12-31,325500.0,314800.0,331600.0,301200.0,301200.0,29400.0,,,1000.0,16800.0,10700.0,,6100.0,,,10700.0,1200.0,-300.0,6600.0,4900.0,,,6900.0,5395.0,1300.0,4900.0,4700.0,,200.0,3600.0,34200.0,125500.0,8400.0,8400.0,,11100.0,88400.0,86900.0,83100.0,3800.0,1400.0,400.0,400.0,400.0,400.0,,17200.0,6400.0,,,,,,,240600.0,47000.0,193600.0,193600.0,193600.0,193600.0,,,,193600.0,1.94,1.93,99900.0,100400.0,349000.0,193600.0,193439.0,,400.0,193600.0,200.0,200.0,0.0,39.06,,,,1500.0,,,,,1700.0,,,,,,
WAL,11,WAL,2020-09-30,298513.0,284738.0,304843.0,276623.0,276623.0,27403.0,,,817.0,20105.0,12215.0,,7890.0,,13.0,13775.0,1345.0,2969.0,8491.0,6618.0,,,5522.0,1397.0,1755.0,5759.0,5882.0,,-123.0,1947.0,-14661.0,118447.0,9426.0,9426.0,,10034.0,82669.0,81821.0,78757.0,3064.0,950.0,373.0,373.0,373.0,373.0,,15945.0,1186.0,,,,,,,166591.0,30822.0,135769.0,135769.0,135769.0,135769.0,,,,135769.0,1.36,1.36,99900.0,100100.0,270077.0,135769.0,135869.0,,373.0,135769.0,-123.0,-123.0,0.0,-22.755,,,,848.0,,,,,1873.0,,,,,,
WAL,12,WAL,2020-06-30,312421.0,298400.0,318238.0,289576.0,289576.0,28254.0,,,408.0,19838.0,15005.0,,4833.0,,86.0,14021.0,6670.0,1083.0,7027.0,5849.0,,,5944.0,1293.0,1159.0,4596.0,4590.0,719.0,6.0,513.0,-92000.0,108861.0,8101.0,8101.0,,10669.0,73947.0,73078.0,69634.0,3444.0,831.0,374.0,374.0,374.0,374.0,,15770.0,1311.0,,,,,,,112871.0,19599.0,93272.0,93272.0,93272.0,93272.0,,,,93272.0,0.93,0.93,99800.0,100000.0,206400.0,93272.0,93267.0,,374.0,93272.0,6.0,6.0,0.0,1.0416,,,,869.0,,,,,1178.0,,,,,,
WAL,13,WAL,2020-03-31,262272.0,269020.0,307216.0,276886.0,276886.0,27367.0,,,2963.0,38196.0,32516.0,,5680.0,,396.0,-6748.0,962.0,-774.0,8769.0,7052.0,,,9543.0,1615.0,1328.0,-9776.0,-11228.0,648.0,1452.0,1512.0,-51176.0,112390.0,8225.0,8225.0,,10402.0,75966.0,75062.0,72064.0,2998.0,2281.0,373.0,373.0,373.0,373.0,,17424.0,3766.0,,,,,,,102472.0,18508.0,83964.0,83964.0,83964.0,83964.0,,,,83964.0,0.83,0.83,101300.0,101700.0,217844.0,83964.0,82774.0,,373.0,83964.0,1452.0,1452.0,0.0,262.2312,,,,904.0,,,,,1717.0,,,,,,
WAL,14,WAL,2019-12-31,275972.0,271973.0,315420.0,284971.0,284971.0,28194.0,,,2255.0,43447.0,37374.0,,6073.0,,553.0,3999.0,963.0,437.0,9832.0,8048.0,,,9395.0,1681.0,1423.0,-471.0,491.0,1815.0,-962.0,1647.0,-4000.0,119342.0,8256.0,8256.0,,10124.0,78738.0,77179.0,73946.0,3233.0,2071.0,386.0,386.0,386.0,386.0,,21838.0,1671.0,,,,,,,154301.0,26236.0,128065.0,128065.0,128065.0,128065.0,,,,128065.0,1.26,1.25,101609.0,102138.0,267973.0,128065.0,128863.0,,386.0,128065.0,-962.0,-962.0,0.0,-163.54,,,,1559.0,,,,,1784.0,,,,,,
WAL,15,WAL,2019-09-30,264704.0,266422.0,315608.0,278932.0,278932.0,29660.0,,,7016.0,49186.0,43354.0,,5832.0,,13.0,-1718.0,979.0,-5882.0,8156.0,6427.0,,,14038.0,1289.0,1321.0,-5.0,3374.0,539.0,-3379.0,1869.0,-4000.0,108538.0,8263.0,8263.0,,8248.0,74891.0,74049.0,70978.0,3071.0,1443.0,387.0,387.0,387.0,387.0,,16749.0,3742.0,,,,,,,155908.0,28533.0,127375.0,127375.0,127375.0,127375.0,,,,127375.0,1.25,1.24,102041.0,102451.0,262422.0,127375.0,130136.0,,387.0,127375.0,-3379.0,-3379.0,0.0,-618.357,,,,842.0,,,,,1729.0,,,,,,
WAL,16,WAL,2019-06-30,258812.0,254681.0,302848.0,270349.0,270349.0,28900.0,,,3599.0,48167.0,41888.0,,6279.0,,238.0,4131.0,978.0,-1840.0,7999.0,6374.0,,,9839.0,1530.0,1148.0,2192.0,1572.0,553.0,620.0,1653.0,-7000.0,104994.0,7761.0,7761.0,,11105.0,69662.0,68605.0,65794.0,2811.0,1444.0,387.0,387.0,387.0,387.0,,16079.0,868.0,,,,,,,147686.0,24750.0,122936.0,122936.0,122936.0,122936.0,,,,122936.0,1.19,1.19,103019.0,103501.0,247681.0,122936.0,122420.0,,387.0,122936.0,620.0,620.0,0.0,103.912,,,,1057.0,,,,,1625.0,,,,,,
WAL,17,WAL,2019-03-31,252276.0,247336.0,291168.0,258818.0,258818.0,29134.0,,,3216.0,43832.0,35788.0,,8044.0,,662.0,4940.0,981.0,-860.0,7504.0,5663.0,,,8364.0,1633.0,1095.0,2737.0,2834.0,251.0,-97.0,987.0,-3500.0,104453.0,8227.0,8227.0,,7532.0,72106.0,71365.0,68556.0,2809.0,2085.0,387.0,387.0,387.0,387.0,,16201.0,2009.0,,,,,,,146332.0,25536.0,120796.0,120796.0,120796.0,120796.0,,,,120796.0,1.16,1.16,104033.0,104475.0,243836.0,120796.0,120876.0,,387.0,120796.0,-97.0,-97.0,0.0,-16.9265,,,,741.0,,,,,1841.0,,,,,,
WAL,18,WAL,2018-12-31,242707.0,243513.0,281968.0,247874.0,247874.0,30367.0,,,3727.0,38455.0,31176.0,,7279.0,,473.0,-806.0,983.0,-1386.0,8370.0,6504.0,,,9756.0,2409.0,1285.0,-2547.0,-1064.0,893.0,-1483.0,859.0,-6000.0,99890.0,7733.0,7733.0,,6866.0,68438.0,67097.0,64558.0,2539.0,1437.0,399.0,399.0,399.0,399.0,,16454.0,3178.0,,,,,,,139995.0,20909.0,119086.0,119086.0,119086.0,119086.0,,,,119086.0,1.14,1.13,104684.0,105286.0,237513.0,119086.0,120347.0,,399.0,119086.0,-1483.0,-1483.0,0.0,-221.5602,,,,1341.0,,,,,1866.0,,,,,,
WAL,19,WAL,2018-09-30,229723.0,234038.0,265216.0,234709.0,234709.0,27239.0,,,3268.0,31178.0,25266.0,,5912.0,,28.0,-4315.0,868.0,1467.0,8827.0,6689.0,,,7360.0,1831.0,1092.0,-8377.0,-8444.0,1422.0,67.0,635.0,-6000.0,106548.0,7406.0,7406.0,,7907.0,69161.0,68474.0,64762.0,3712.0,1381.0,398.0,398.0,398.0,398.0,,21676.0,1440.0,,,,,,,118615.0,7492.0,111123.0,111123.0,111123.0,111123.0,,,,111123.0,1.06,1.05,104768.0,105448.0,228038.0,111123.0,111060.0,,398.0,111123.0,67.0,67.0,0.0,4.2344,,,,687.0,,,,,2138.0,,,,,,
WAL,20,WAL,2018-06-30,229002.0,224108.0,251602.0,222035.0,222035.0,27445.0,,,2122.0,27494.0,19849.0,,7645.0,,14.0,4894.0,1167.0,2540.0,8752.0,6719.0,,,6212.0,2197.0,1181.0,-506.0,-685.0,1047.0,179.0,512.0,-5000.0,96515.0,7401.0,7401.0,,7946.0,66816.0,65670.0,61785.0,3885.0,1414.0,399.0,399.0,399.0,399.0,,13953.0,2517.0,,,,,,,130004.0,25325.0,104679.0,104679.0,104679.0,104679.0,,,,104679.0,1.0,0.99,104691.0,105420.0,219108.0,104679.0,104535.0,,399.0,104679.0,179.0,179.0,0.0,34.8692,,,,1146.0,,,,,2033.0,,,,,,
WAL,21,WAL,2018-03-31,221180.0,214220.0,234697.0,205959.0,205959.0,26621.0,,,2117.0,20477.0,14173.0,,6304.0,,9.0,6960.0,928.0,4244.0,8695.0,6723.0,,,4451.0,1478.0,1202.0,154.0,-1074.0,978.0,1228.0,432.0,-6000.0,94926.0,6864.0,6864.0,,6003.0,66598.0,66002.0,62133.0,3869.0,5207.0,398.0,398.0,398.0,398.0,,15063.0,1460.0,,,,,,,121714.0,20814.0,100900.0,100900.0,100900.0,100900.0,,,,100900.0,0.97,0.96,104530.0,105324.0,208220.0,100900.0,99882.0,,398.0,100900.0,1228.0,1228.0,0.0,209.988,,,,596.0,,,,,1972.0,,,,,,
WAL,22,WAL,2017-12-31,218446.0,211029.0,228459.0,200204.0,200204.0,26312.0,,,1943.0,17430.0,12459.0,,4971.0,,9.0,7417.0,965.0,3633.0,8419.0,6623.0,,,4786.0,1586.0,906.0,1470.0,1436.0,1466.0,34.0,443.0,-5000.0,90646.0,6532.0,6532.0,,6490.0,62567.0,61391.0,57704.0,3687.0,5062.0,408.0,408.0,408.0,408.0,,14649.0,1519.0,0.0,,,,,,124319.0,34973.0,89346.0,89346.0,89346.0,89346.0,,,,89346.0,0.86,0.85,104342.0,105164.0,206029.0,89346.0,89322.0,,408.0,89346.0,34.0,34.0,0.0,9.5648,,,,1176.0,0.0,,,,1796.0,,,,,,
WAL,23,WAL,2017-09-30,205687.0,201583.0,217836.0,191096.0,191096.0,23584.0,,,3156.0,16253.0,11449.0,,4804.0,,12.0,4104.0,975.0,1721.0,6689.0,5345.0,,,4968.0,2005.0,756.0,53.0,319.0,97.0,-266.0,599.0,-5000.0,83880.0,7507.0,7507.0,,6038.0,57044.0,56268.0,52730.0,3538.0,4524.0,489.0,489.0,489.0,489.0,,12802.0,950.0,0.0,,,,,,117757.0,34899.0,82858.0,82858.0,82858.0,82858.0,,,,82858.0,0.79,0.79,104221.0,104942.0,196583.0,82858.0,83045.0,,489.0,82858.0,-266.0,-266.0,0.0,-78.833,,,,776.0,0.0,,,,1344.0,,,,,,
WAL,24,WAL,2017-06-30,199026.0,192743.0,206953.0,183657.0,183657.0,20629.0,,,2667.0,14210.0,9645.0,,4565.0,,13.0,6283.0,973.0,2875.0,6810.0,5430.0,,,3935.0,1921.0,832.0,460.0,691.0,227.0,-231.0,1143.0,-3000.0,84091.0,6927.0,6927.0,,8483.0,56966.0,55835.0,52246.0,3589.0,4396.0,488.0,488.0,488.0,488.0,,11227.0,1291.0,0.0,,,,,,111935.0,31964.0,79971.0,79971.0,79971.0,79971.0,,,,79971.0,0.77,0.76,104162.0,105045.0,189743.0,79971.0,80136.0,,488.0,79971.0,-231.0,-231.0,0.0,-65.964,,,,1131.0,0.0,,,,1380.0,,,,,,
WAL,25,WAL,2017-03-31,188464.0,179309.0,192265.0,172553.0,172553.0,18114.0,,,1598.0,12956.0,8412.0,,4544.0,,16.0,9155.0,948.0,4516.0,6448.0,5230.0,,,1932.0,2229.0,,1694.0,1151.0,492.0,543.0,1997.0,-4250.0,86368.0,6894.0,6894.0,,8803.0,55569.0,54848.0,51620.0,3228.0,5271.0,689.0,689.0,689.0,689.0,,14413.0,,0.0,,,,,,97846.0,24489.0,73357.0,73357.0,73357.0,73357.0,,,,73357.0,0.71,0.7,103987.0,104836.0,175059.0,73357.0,72950.0,,689.0,73357.0,543.0,543.0,0.0,135.9026,,,,721.0,0.0,,,,1218.0,,,,,,
WAL,26,WAL,2016-12-31,184677.0,175269.0,187411.0,168881.0,168881.0,16725.0,,,1805.0,12142.0,7729.0,,4413.0,,19.0,9408.0,904.0,5357.0,6523.0,5353.0,,,1166.0,2785.0,,1445.0,1411.0,488.0,34.0,1702.0,-1000.0,81492.0,6944.0,6944.0,,7600.0,54334.0,53170.0,49702.0,3468.0,4504.0,697.0,697.0,697.0,697.0,,11917.0,,-6021.0,,,0.0,,,96164.0,26364.0,69800.0,69800.0,69800.0,69800.0,,,,69800.0,0.67,0.67,103788.0,104765.0,174269.0,69800.0,74146.0,,697.0,69800.0,-5987.0,-5987.0,0.0,-1641.0,,,,1164.0,6021.0,,,,1170.0,,,,,,
WFC,5,WFC,2022-03-31,17592000.0,9221000.0,10181000.0,7358000.0,7358000.0,2733000.0,,,90000.0,960000.0,83000.0,-14000.0,761000.0,,130000.0,8371000.0,,6572000.0,6572000.0,2508000.0,2498000.0,537000.0,,,,578000.0,578000.0,548000.0,,556000.0,787000.0,13865000.0,722000.0,722000.0,876000.0,1286000.0,9558000.0,9459000.0,9271000.0,,,,,,,,2299000.0,,-5000.0,,,,,,4509000.0,707000.0,3393000.0,3671000.0,3802000.0,3802000.0,,278000.0,,3393000.0,0.92,0.91,3831100.0,3868900.0,10008000.0,3671000.0,3675195.0,,1791000.0,3671000.0,-5000.0,-5000.0,0.0,-805.0,,447000.0,218000.0,99000.0,5000.0,,,-131000.0,1029000.0,188000.0,188000.0,,,,
WFC,6,WFC,2021-12-31,20856000.0,9262000.0,10121000.0,7450000.0,7450000.0,2581000.0,,,90000.0,859000.0,85000.0,-13000.0,690000.0,,97000.0,11594000.0,,7062000.0,7062000.0,2854000.0,2579000.0,558000.0,,,,2589000.0,2589000.0,-334000.0,,1451000.0,452000.0,13132000.0,725000.0,725000.0,827000.0,1468000.0,8895000.0,8670000.0,8475000.0,,,,,,,,2044000.0,,-66000.0,,,,,,8110000.0,1711000.0,5470000.0,5750000.0,6399000.0,6399000.0,,280000.0,,5470000.0,1.39,1.38,3927600.0,3964700.0,9714000.0,5750000.0,5802076.0,,1800000.0,5750000.0,-66000.0,-66000.0,0.0,-13924.0,,669000.0,-177000.0,225000.0,66000.0,,,-649000.0,1071000.0,195000.0,195000.0,,,,
WFC,7,WFC,2021-09-30,18834000.0,8909000.0,9834000.0,7229000.0,7229000.0,2500000.0,,,105000.0,925000.0,99000.0,-7000.0,745000.0,,88000.0,9925000.0,,6411000.0,6411000.0,1926000.0,2882000.0,525000.0,,,,1114000.0,0.0,1114000.0,,609000.0,1395000.0,13302000.0,1479000.0,738000.0,741000.0,1417000.0,8843000.0,8690000.0,8690000.0,,,,,,,,1563000.0,,-1000.0,,,,,,6926000.0,1521000.0,4787000.0,5122000.0,5405000.0,5405000.0,,335000.0,,4787000.0,1.18,1.17,4056300.0,4090400.0,10304000.0,5122000.0,5122771.0,,1917000.0,5122000.0,-1000.0,-1000.0,0.0,-229.0,,547000.0,1244000.0,153000.0,1000.0,,,-283000.0,1078000.0,,,,,,
WFC,8,WFC,2021-06-30,20270000.0,8800000.0,9693000.0,7288000.0,7288000.0,2331000.0,,,74000.0,893000.0,92000.0,-12000.0,712000.0,,101000.0,11470000.0,,7491000.0,7491000.0,3040000.0,2794000.0,580000.0,21000.0,,,2696000.0,2696000.0,1372000.0,,692000.0,1260000.0,13345000.0,1550000.0,735000.0,815000.0,1450000.0,9176000.0,9044000.0,8818000.0,,,,,,,,1169000.0,,4000.0,,,,,,8189000.0,1445000.0,5743000.0,6040000.0,6744000.0,6744000.0,,297000.0,,5743000.0,1.39,1.38,4124600.0,4156100.0,10060000.0,6040000.0,6036772.0,,1936000.0,6040000.0,4000.0,4000.0,0.0,772.0,,570000.0,21000.0,132000.0,-4000.0,,,-704000.0,1077000.0,226000.0,226000.0,,,,
WFC,9,WFC,2021-03-31,18063000.0,8798000.0,10036000.0,7522000.0,7522000.0,2449000.0,,,65000.0,1238000.0,112000.0,-9000.0,1026000.0,,109000.0,9265000.0,,7283000.0,7283000.0,2942000.0,2756000.0,636000.0,99000.0,,,543000.0,543000.0,1449000.0,,523000.0,1048000.0,13976000.0,1614000.0,770000.0,844000.0,1388000.0,9874000.0,9784000.0,9558000.0,,,,,,,,1100000.0,,-13000.0,,,,,,5122000.0,326000.0,4363000.0,4742000.0,4796000.0,4796000.0,,379000.0,,4363000.0,1.05,1.05,4141300.0,4171000.0,9846000.0,4742000.0,4754168.0,,2237000.0,4742000.0,-13000.0,-13000.0,0.0,-832.0,,568000.0,348000.0,90000.0,13000.0,,,-54000.0,949000.0,226000.0,226000.0,,,,
WFC,10,WFC,2020-12-31,17925000.0,9275000.0,10470000.0,7904000.0,7904000.0,2501000.0,,,65000.0,1195000.0,163000.0,-12000.0,956000.0,,88000.0,8650000.0,,7026000.0,7026000.0,2896000.0,747000.0,,,,,1044000.0,1044000.0,1271000.0,,154000.0,179000.0,14021000.0,1664000.0,826000.0,838000.0,1664000.0,9313000.0,9175000.0,8948000.0,,,,,,,,1380000.0,,-781000.0,,,,,,3302000.0,108000.0,2642000.0,2992000.0,3194000.0,3194000.0,,350000.0,,2642000.0,0.64,0.64,4137600.0,4151300.0,9454000.0,2992000.0,3747455.0,,2292000.0,2992000.0,-781000.0,-781000.0,0.0,-25545.0,2440000.0,486000.0,-60000.0,138000.0,781000.0,,,-202000.0,943000.0,227000.0,227000.0,,,,
WFC,11,WFC,2020-09-30,18862000.0,9368000.0,9368000.0,8193000.0,8193000.0,2547000.0,,,60000.0,1432000.0,314000.0,-12000.0,1038000.0,,92000.0,9494000.0,156000.0,7667000.0,7667000.0,3241000.0,3514000.0,,,,,913000.0,913000.0,1263000.0,,9494000.0,-769000.0,15229000.0,1642000.0,851000.0,791000.0,1760000.0,10278000.0,10134000.0,8624000.0,,,,,,,,849000.0,,-718000.0,,,,,,2864000.0,645000.0,2035000.0,2035000.0,2219000.0,2219000.0,,315000.0,,2035000.0,0.49,0.49,4132517.0,4132517.0,8599000.0,2035000.0,2035000.0,,2382000.0,2035000.0,-718000.0,-718000.0,0.0,0.0,2336000.0,441000.0,361000.0,144000.0,718000.0,,,-184000.0,912000.0,1510000.0,1510000.0,,,,
WFC,12,WFC,2020-06-30,17867000.0,9880000.0,11801000.0,8685000.0,8685000.0,3062000.0,,,54000.0,1921000.0,585000.0,-17000.0,1237000.0,,116000.0,7987000.0,163000.0,4420000.0,4420000.0,731000.0,687000.0,88000.0,,,,1782000.0,776000.0,1006000.0,,268000.0,-9565000.0,14551000.0,1433000.0,871000.0,562000.0,758000.0,9715000.0,9578000.0,8911000.0,190000.0,233000.0,22000.0,22000.0,22000.0,22000.0,,2645000.0,,,,,,,,-6249000.0,-3917000.0,-2694000.0,-2379000.0,-2332000.0,-2332000.0,,315000.0,,-2694000.0,-0.66,-0.66,4105500.0,4105500.0,315000.0,-2379000.0,-2379000.0,,22000.0,-2379000.0,,,0.0,0.0,2117000.0,547000.0,807000.0,137000.0,,,,-47000.0,797000.0,244000.0,244000.0,,,,
WFC,13,WFC,2020-03-31,17545000.0,11312000.0,14727000.0,10274000.0,10274000.0,3678000.0,,,775000.0,3415000.0,1742000.0,291000.0,1240000.0,,142000.0,6233000.0,256000.0,6187000.0,6187000.0,2024000.0,701000.0,88000.0,,,,-1228000.0,-1336000.0,108000.0,,563000.0,-3833000.0,13048000.0,1376000.0,715000.0,661000.0,727000.0,9212000.0,9031000.0,8314000.0,143000.0,314000.0,23000.0,23000.0,23000.0,23000.0,,1733000.0,,,,,,,-464000.0,664000.0,159000.0,42000.0,653000.0,505000.0,505000.0,,611000.0,,42000.0,0.01,0.01,4104800.0,4135300.0,7479000.0,653000.0,653000.0,,23000.0,653000.0,,,0.0,0.0,2482000.0,391000.0,64000.0,181000.0,,,,148000.0,892000.0,260000.0,260000.0,,,,
WFC,14,WFC,2019-12-31,19860000.0,11200000.0,15595000.0,10743000.0,10743000.0,3836000.0,,,1016000.0,4395000.0,2072000.0,439000.0,1743000.0,,141000.0,8660000.0,257000.0,6086000.0,6086000.0,1863000.0,728000.0,95000.0,,,,1203000.0,443000.0,760000.0,,519000.0,-644000.0,15614000.0,1551000.0,749000.0,802000.0,,8938000.0,8938000.0,8808000.0,130000.0,,26000.0,26000.0,26000.0,26000.0,,5125000.0,,,,,,,,3602000.0,678000.0,2546000.0,2873000.0,2924000.0,2924000.0,,327000.0,,2546000.0,0.61,0.6,4197100.0,4234600.0,10556000.0,2873000.0,2873000.0,,26000.0,2873000.0,,,0.0,0.0,2380000.0,464000.0,131000.0,,,,,-51000.0,1020000.0,,,,,,
WFC,15,WFC,2019-09-30,22010000.0,11625000.0,16499000.0,11234000.0,11234000.0,3913000.0,,,1352000.0,4874000.0,2324000.0,635000.0,1780000.0,,135000.0,10385000.0,264000.0,6037000.0,6179000.0,1807000.0,729000.0,270000.0,142000.0,,,1567000.0,959000.0,608000.0,,1757000.0,-695000.0,15199000.0,1453000.0,760000.0,693000.0,,8687000.0,8687000.0,8594000.0,93000.0,,27000.0,27000.0,27000.0,27000.0,,5059000.0,,,,,,,,6116000.0,1304000.0,4037000.0,4610000.0,4812000.0,4812000.0,,573000.0,,4037000.0,0.93,0.92,4358500.0,4389600.0,10930000.0,4610000.0,4610000.0,,27000.0,4610000.0,,,0.0,0.0,2346000.0,484000.0,276000.0,,,,,-202000.0,1027000.0,,,,,,
WFC,16,WFC,2019-06-30,21584000.0,12095000.0,16986000.0,11531000.0,11531000.0,4017000.0,,,1438000.0,4891000.0,2213000.0,646000.0,1900000.0,,132000.0,9489000.0,260000.0,6421000.0,6421000.0,2070000.0,795000.0,213000.0,624000.0,,,1123000.0,642000.0,481000.0,,1001000.0,-503000.0,13449000.0,1326000.0,719000.0,607000.0,821000.0,9658000.0,9329000.0,8474000.0,169000.0,375000.0,27000.0,27000.0,27000.0,27000.0,,1644000.0,,,,,,,-247000.0,7632000.0,1294000.0,5848000.0,6206000.0,6338000.0,6338000.0,,358000.0,,5848000.0,1.31,1.3,4469400.0,4495000.0,11592000.0,6206000.0,6206000.0,,27000.0,6206000.0,,,0.0,0.0,2318000.0,455000.0,229000.0,329000.0,,,,-132000.0,1025000.0,311000.0,311000.0,,,,
WFC,17,WFC,2019-03-31,21609000.0,12311000.0,17003000.0,11530000.0,11530000.0,4151000.0,,,1322000.0,4692000.0,2026000.0,596000.0,1927000.0,,143000.0,9298000.0,255000.0,6151000.0,6151000.0,2027000.0,786000.0,201000.0,563000.0,,,1283000.0,939000.0,344000.0,,858000.0,-845000.0,13916000.0,1378000.0,717000.0,661000.0,678000.0,9367000.0,9367000.0,9208000.0,159000.0,360000.0,28000.0,28000.0,28000.0,28000.0,,3171000.0,,,,,,,-238000.0,6848000.0,881000.0,5507000.0,5860000.0,5967000.0,5967000.0,,353000.0,,5507000.0,1.21,1.2,4551500.0,4584000.0,11466000.0,5860000.0,5860000.0,,28000.0,5860000.0,,,0.0,0.0,2193000.0,394000.0,357000.0,237000.0,,,,-107000.0,944000.0,286000.0,286000.0,,,,
WFC,18,WFC,2018-12-31,20980000.0,12644000.0,16921000.0,11590000.0,11590000.0,4063000.0,,,1268000.0,4277000.0,1765000.0,546000.0,1802000.0,,164000.0,8336000.0,267000.0,6295000.0,6295000.0,1919000.0,796000.0,254000.0,,,,388000.0,30000.0,358000.0,,997000.0,-521000.0,13339000.0,1378000.0,735000.0,643000.0,,7831000.0,7831000.0,7678000.0,153000.0,,264000.0,264000.0,264000.0,264000.0,,4130000.0,21000.0,,,,,,,7120000.0,966000.0,5711000.0,6064000.0,6154000.0,6154000.0,,353000.0,,5711000.0,1.22,1.21,4665800.0,4700800.0,12123000.0,6064000.0,6064000.0,,264000.0,6064000.0,,,0.0,0.0,2345000.0,379000.0,10000.0,,,,,-90000.0,981000.0,,,,,,
WFC,19,WFC,2018-09-30,21941000.0,12572000.0,16364000.0,11361000.0,11361000.0,3875000.0,,,1128000.0,3792000.0,1499000.0,462000.0,1667000.0,,164000.0,9369000.0,271000.0,6630000.0,6630000.0,2205000.0,835000.0,239000.0,,,,929000.0,473000.0,456000.0,,919000.0,-580000.0,13763000.0,1352000.0,718000.0,634000.0,,8601000.0,8601000.0,8265000.0,336000.0,,264000.0,264000.0,264000.0,264000.0,,3810000.0,416000.0,,,,,,,7598000.0,1512000.0,5453000.0,6007000.0,6086000.0,6086000.0,,554000.0,,5453000.0,1.14,1.13,4784000.0,4823200.0,11992000.0,6007000.0,6007000.0,,264000.0,6007000.0,,,0.0,0.0,2334000.0,462000.0,158000.0,,,,,-79000.0,1017000.0,,,,,,
WFC,20,WFC,2018-06-30,21553000.0,12541000.0,16015000.0,11158000.0,11158000.0,3815000.0,,,1042000.0,3474000.0,1268000.0,398000.0,1658000.0,,150000.0,9012000.0,264000.0,6605000.0,6605000.0,2186000.0,835000.0,229000.0,,,,700000.0,336000.0,364000.0,,766000.0,-452000.0,13982000.0,1272000.0,722000.0,550000.0,,8649000.0,8649000.0,8352000.0,297000.0,,265000.0,265000.0,265000.0,265000.0,,4061000.0,295000.0,,,,,,,7119000.0,1810000.0,4792000.0,5186000.0,5309000.0,5309000.0,,394000.0,,4792000.0,0.98,0.98,4865800.0,4899800.0,12089000.0,5186000.0,5186000.0,,265000.0,5186000.0,,,0.0,0.0,2354000.0,486000.0,191000.0,,,,,-123000.0,1001000.0,,,,,,
WFC,21,WFC,2018-03-31,21151000.0,12238000.0,15347000.0,10782000.0,10782000.0,3645000.0,,,920000.0,3109000.0,1090000.0,311000.0,1576000.0,,132000.0,8913000.0,278000.0,6602000.0,6602000.0,2263000.0,850000.0,178000.0,,,,467000.0,1000.0,466000.0,,893000.0,-191000.0,14242000.0,1330000.0,713000.0,617000.0,,9053000.0,9053000.0,8729000.0,324000.0,,265000.0,265000.0,265000.0,265000.0,,3859000.0,783000.0,,,,,,,7501000.0,1374000.0,5533000.0,5936000.0,6127000.0,6127000.0,,403000.0,,5533000.0,1.13,1.12,4885700.0,4930700.0,12047000.0,5936000.0,5936000.0,,265000.0,5936000.0,,,0.0,0.0,2403000.0,430000.0,243000.0,,,,,-191000.0,908000.0,,,,,,
WFC,22,WFC,2017-12-31,20763000.0,12313000.0,14958000.0,10565000.0,10565000.0,3490000.0,,,903000.0,2645000.0,931000.0,255000.0,1344000.0,,115000.0,8450000.0,376000.0,6684000.0,6684000.0,2134000.0,866000.0,287000.0,,,,823000.0,157000.0,666000.0,,15000.0,-651000.0,16800000.0,1323000.0,715000.0,608000.0,,8673000.0,8673000.0,8361000.0,312000.0,,288000.0,288000.0,288000.0,288000.0,,6804000.0,439000.0,848000.0,848000.0,,,,,4599000.0,-1642000.0,5740000.0,6151000.0,6241000.0,6241000.0,,411000.0,,5740000.0,1.17,1.16,4912500.0,4963100.0,11662000.0,6151000.0,5642200.0,,288000.0,6151000.0,848000.0,848000.0,0.0,339200.0,2401000.0,420000.0,132000.0,,,,,-90000.0,996000.0,,,,,,
WFC,23,WFC,2017-09-30,21688000.0,12476000.0,15058000.0,10746000.0,10746000.0,3416000.0,,,896000.0,2582000.0,870000.0,226000.0,1377000.0,,109000.0,9212000.0,421000.0,6606000.0,6606000.0,2220000.0,840000.0,242000.0,,,,903000.0,166000.0,737000.0,,572000.0,-717000.0,14351000.0,1239000.0,716000.0,523000.0,,8502000.0,8502000.0,8188000.0,314000.0,,288000.0,288000.0,288000.0,288000.0,,4610000.0,238000.0,,,,,,,6858000.0,2204000.0,4185000.0,4596000.0,4654000.0,4654000.0,,411000.0,,4185000.0,0.85,0.84,4948600.0,4996800.0,11759000.0,4596000.0,4596000.0,,288000.0,4596000.0,,,0.0,0.0,2304000.0,465000.0,245000.0,,,,,-58000.0,1000000.0,,,,,,
WFC,24,WFC,2017-06-30,21981000.0,12483000.0,14715000.0,10557000.0,10557000.0,3408000.0,,,750000.0,2232000.0,683000.0,163000.0,1278000.0,,108000.0,9498000.0,425000.0,6763000.0,6763000.0,2323000.0,837000.0,255000.0,,,,868000.0,120000.0,748000.0,,742000.0,-555000.0,13541000.0,1235000.0,706000.0,529000.0,,8478000.0,8478000.0,8150000.0,328000.0,,287000.0,287000.0,287000.0,287000.0,,3828000.0,188000.0,,,,,,,8073000.0,2225000.0,5404000.0,5810000.0,5848000.0,5848000.0,,406000.0,,5404000.0,1.08,1.07,4989900.0,5037700.0,11928000.0,5810000.0,5810000.0,,287000.0,5810000.0,,,0.0,0.0,2329000.0,463000.0,237000.0,,,,,-38000.0,1019000.0,,,,,,
WFC,25,WFC,2017-03-31,21599000.0,12300000.0,14226000.0,10326000.0,10326000.0,3318000.0,,,582000.0,1926000.0,537000.0,114000.0,1183000.0,,92000.0,9299000.0,421000.0,6732000.0,6732000.0,2383000.0,829000.0,251000.0,,,,808000.0,36000.0,772000.0,,482000.0,-605000.0,13792000.0,1289000.0,712000.0,577000.0,,9005000.0,9005000.0,8672000.0,333000.0,,289000.0,289000.0,289000.0,289000.0,,3498000.0,403000.0,,,,,,,7605000.0,2057000.0,5056000.0,5457000.0,5548000.0,5548000.0,,401000.0,,5056000.0,1.01,1.0,5008600.0,5070400.0,11695000.0,5457000.0,5457000.0,,289000.0,5457000.0,,,0.0,0.0,2324000.0,417000.0,439000.0,,,,,-91000.0,945000.0,,,,,,
WFC,26,WFC,2016-12-31,21276000.0,12402000.0,14058000.0,10365000.0,10365000.0,3257000.0,,,436000.0,1656000.0,400000.0,101000.0,1061000.0,,94000.0,8874000.0,394000.0,6695000.0,6695000.0,2172000.0,837000.0,343000.0,,,,1366000.0,145000.0,1221000.0,,9000.0,-805000.0,13215000.0,1352000.0,710000.0,642000.0,,8125000.0,8125000.0,7772000.0,353000.0,,301000.0,301000.0,301000.0,301000.0,,3738000.0,306000.0,,,,,,,7562000.0,2258000.0,4872000.0,5274000.0,5304000.0,5304000.0,,402000.0,,4872000.0,0.97,0.96,5025600.0,5078200.0,11597000.0,5274000.0,5274000.0,,301000.0,5274000.0,,,0.0,0.0,2342000.0,519000.0,-109000.0,,,,,-30000.0,1001000.0,,,,,,
BAC,5,BAC,2022-03-31,23228000.0,11572000.0,12894000.0,7352000.0,,4904000.0,,-7000.0,645000.0,1322000.0,164000.0,-112000.0,906000.0,,364000.0,11656000.0,,7528000.0,7528000.0,1833000.0,3286000.0,,,,,0.0,0.0,,,-567000.0,-30000.0,15319000.0,1760000.0,,,450000.0,11569000.0,10239000.0,9482000.0,,757000.0,,,,,,1540000.0,,,,,,,,7879000.0,812000.0,6600000.0,7067000.0,7067000.0,7067000.0,,467000.0,,6600000.0,0.81,0.8,8136800.0,8202100.0,11542000.0,7067000.0,7067000.0,-7000.0,494000.0,7067000.0,,,0.0,0.0,1006000.0,1457000.0,3238000.0,1330000.0,,,,,1403000.0,,,,,,
BAC,6,BAC,2021-12-31,22060000.0,11410000.0,12554000.0,7423000.0,,4521000.0,,-47000.0,657000.0,1144000.0,143000.0,-153000.0,850000.0,,304000.0,10650000.0,,7792000.0,7792000.0,1910000.0,3295000.0,,,,,0.0,0.0,,,-824000.0,489000.0,14731000.0,1785000.0,,,512000.0,10954000.0,9602000.0,9037000.0,,565000.0,,,,,,1480000.0,,,,,,,,7818000.0,805000.0,6773000.0,7013000.0,7013000.0,7013000.0,,240000.0,,6773000.0,0.82,0.82,8226500.0,8304700.0,11899000.0,7013000.0,7013000.0,-47000.0,495000.0,7013000.0,,,0.0,0.0,973000.0,2351000.0,1331000.0,1352000.0,,,,,1614000.0,,,,,,
BAC,7,BAC,2021-09-30,22766000.0,11094000.0,12336000.0,7502000.0,7502000.0,4249000.0,,6000.0,579000.0,1242000.0,133000.0,-41000.0,865000.0,,285000.0,11672000.0,,7747000.0,7747000.0,1928000.0,3276000.0,,,,,0.0,0.0,,,-248000.0,624000.0,14440000.0,1764000.0,,,434000.0,10826000.0,9492000.0,8714000.0,,778000.0,,,,,,1416000.0,,,,,,,,8950000.0,1259000.0,7260000.0,7691000.0,7691000.0,7691000.0,,431000.0,,7260000.0,0.86,0.85,8430700.0,8492800.0,11718000.0,7691000.0,7691000.0,6000.0,473000.0,7691000.0,,,0.0,0.0,960000.0,2168000.0,2005000.0,1334000.0,,,,,1583000.0,,,,,,
BAC,8,BAC,2021-06-30,21466000.0,10233000.0,11387000.0,7123000.0,7123000.0,3774000.0,,-42000.0,532000.0,1154000.0,128000.0,-85000.0,818000.0,42000.0,293000.0,11233000.0,,7583000.0,7583000.0,1874000.0,3156000.0,,,,,0.0,0.0,,,-298000.0,1621000.0,15045000.0,1759000.0,,,426000.0,11412000.0,9626000.0,8653000.0,,973000.0,,,,,,1448000.0,,,,,,,,8042000.0,-1182000.0,8964000.0,9224000.0,9224000.0,9224000.0,,260000.0,,8964000.0,1.04,1.03,8620800.0,8735500.0,11854000.0,9224000.0,9224000.0,-42000.0,469000.0,9224000.0,,,0.0,0.0,967000.0,2122000.0,1826000.0,1786000.0,,,,,1586000.0,,,,,,
BAC,9,BAC,2021-03-31,22822000.0,10197000.0,11395000.0,7234000.0,7234000.0,3602000.0,,-7000.0,566000.0,1198000.0,133000.0,-79000.0,898000.0,7000.0,246000.0,12625000.0,,7291000.0,7291000.0,1793000.0,3002000.0,,,,,0.0,0.0,,,-441000.0,1860000.0,15515000.0,1830000.0,,,403000.0,11857000.0,10509000.0,9736000.0,,773000.0,,,,,,1425000.0,,,,,,,,9166000.0,1116000.0,7560000.0,8050000.0,8050000.0,8050000.0,,490000.0,,7560000.0,0.87,0.86,8700100.0,8755600.0,12057000.0,8050000.0,8050000.0,-7000.0,461000.0,8050000.0,,,0.0,0.0,1061000.0,2246000.0,3529000.0,1348000.0,,,,,1435000.0,,,,,,
BAC,10,BAC,2020-12-31,20099000.0,10253000.0,11461000.0,7603000.0,7603000.0,3302000.0,,3000.0,553000.0,1208000.0,159000.0,-37000.0,876000.0,,210000.0,9846000.0,,7197000.0,7197000.0,1859000.0,2803000.0,,,,,0.0,0.0,,,-587000.0,-53000.0,13927000.0,1839000.0,,,488000.0,10185000.0,8807000.0,8190000.0,,617000.0,,,,,,1415000.0,,,,,,,,6119000.0,649000.0,5208000.0,5470000.0,5470000.0,5470000.0,,262000.0,,5208000.0,0.6,0.59,8724900.0,8785000.0,10200000.0,5470000.0,5470000.0,3000.0,487000.0,5470000.0,,,0.0,0.0,968000.0,1864000.0,1372000.0,1378000.0,,,,,1567000.0,,,,,,
BAC,11,BAC,2020-09-30,20336000.0,10129000.0,11486000.0,7894000.0,7894000.0,3078000.0,,55000.0,459000.0,1357000.0,227000.0,-24000.0,942000.0,,212000.0,10207000.0,,7008000.0,7008000.0,1817000.0,2740000.0,,,,,0.0,0.0,,,-259000.0,-1389000.0,14401000.0,1798000.0,,,450000.0,10820000.0,9582000.0,8200000.0,,1382000.0,,,,,,1333000.0,,,,,,,,4546000.0,-335000.0,4440000.0,4881000.0,4881000.0,4881000.0,,441000.0,,4440000.0,0.51,0.51,8732900.0,8777500.0,8740000.0,4881000.0,4881000.0,55000.0,476000.0,4881000.0,,,0.0,0.0,883000.0,1769000.0,1689000.0,1238000.0,,,,,1568000.0,,,,,,
BAC,12,BAC,2020-06-30,22326000.0,10848000.0,12540000.0,8569000.0,8569000.0,3448000.0,,26000.0,497000.0,1692000.0,373000.0,-72000.0,1168000.0,,223000.0,11478000.0,,6233000.0,6233000.0,1562000.0,2483000.0,,,,,0.0,0.0,,,599000.0,-5117000.0,13410000.0,1802000.0,,,381000.0,9962000.0,8659000.0,7994000.0,,665000.0,,,,,,1265000.0,,,,,,,,3799000.0,266000.0,3284000.0,3533000.0,3533000.0,3533000.0,,249000.0,,3284000.0,0.38,0.37,8739900.0,8768100.0,5731000.0,3533000.0,3533000.0,26000.0,448000.0,3533000.0,,,0.0,0.0,939000.0,2159000.0,2487000.0,1303000.0,,,,,1249000.0,,,,,,
BAC,13,BAC,2020-03-31,22767000.0,12130000.0,16098000.0,9963000.0,9963000.0,4090000.0,,819000.0,1226000.0,3968000.0,1184000.0,1120000.0,1335000.0,,329000.0,10637000.0,,6933000.0,6933000.0,1903000.0,2682000.0,,,,,0.0,0.0,,,-491000.0,-4761000.0,13475000.0,1702000.0,,,375000.0,10189000.0,8974000.0,8341000.0,,633000.0,,,,,,1209000.0,,,,,,,,4531000.0,521000.0,3541000.0,4010000.0,4010000.0,4010000.0,,469000.0,,3541000.0,0.4,0.4,8815600.0,8862700.0,7369000.0,4010000.0,4010000.0,819000.0,432000.0,4010000.0,,,0.0,0.0,1076000.0,1388000.0,2807000.0,1215000.0,,,,,1272000.0,,,,,,
BAC,14,BAC,2019-12-31,22349000.0,12140000.0,16926000.0,10365000.0,10365000.0,4075000.0,,1097000.0,1389000.0,4786000.0,1548000.0,1483000.0,1473000.0,,282000.0,10209000.0,,7046000.0,7046000.0,1957000.0,2650000.0,,,,,0.0,0.0,,,-78000.0,-941000.0,13239000.0,1680000.0,,,442000.0,9955000.0,8736000.0,7977000.0,,759000.0,,,,,,1162000.0,,,,,,,,8169000.0,1175000.0,6748000.0,6994000.0,6994000.0,6994000.0,,246000.0,,6748000.0,0.75,0.74,9017100.0,9079500.0,11199000.0,6994000.0,6994000.0,1097000.0,439000.0,6994000.0,,,0.0,0.0,928000.0,1474000.0,1767000.0,1219000.0,,,,,1511000.0,,,,,,
BAC,15,BAC,2019-09-30,22807000.0,12187000.0,17916000.0,10894000.0,10894000.0,4148000.0,,1242000.0,1632000.0,5729000.0,1880000.0,1876000.0,1670000.0,,303000.0,10620000.0,,6934000.0,6934000.0,1975000.0,2597000.0,,,,,0.0,0.0,,,446000.0,-779000.0,15169000.0,1663000.0,,,386000.0,11957000.0,10821000.0,7779000.0,,3042000.0,,,,,,1163000.0,,,,,,,,6859000.0,1082000.0,5272000.0,5777000.0,5777000.0,5777000.0,,505000.0,,5272000.0,0.57,0.56,9303600.0,9353000.0,11408000.0,5777000.0,5777000.0,1242000.0,438000.0,5777000.0,,,0.0,0.0,897000.0,1533000.0,1707000.0,1136000.0,,,,,1465000.0,,,,,,
BAC,16,BAC,2019-06-30,23084000.0,12189000.0,18224000.0,10942000.0,10942000.0,4338000.0,,1309000.0,1635000.0,6035000.0,1965000.0,1997000.0,1754000.0,,319000.0,10895000.0,,6819000.0,6819000.0,1903000.0,2554000.0,,,,,0.0,0.0,,,360000.0,-857000.0,13268000.0,1640000.0,,,409000.0,10062000.0,8825000.0,7972000.0,,853000.0,,,,,,1157000.0,,,,,,,,8959000.0,1611000.0,7109000.0,7348000.0,7348000.0,7348000.0,,239000.0,,7109000.0,0.75,0.74,9523200.0,9559600.0,11332000.0,7348000.0,7348000.0,1309000.0,434000.0,7348000.0,,,0.0,0.0,916000.0,1371000.0,2345000.0,1237000.0,,,,,1446000.0,,,,,,
BAC,17,BAC,2019-03-31,23004000.0,12375000.0,18170000.0,10885000.0,10885000.0,4441000.0,,1195000.0,1649000.0,5795000.0,1795000.0,1852000.0,1803000.0,,345000.0,10629000.0,,6574000.0,6574000.0,1839000.0,2440000.0,,,,,0.0,0.0,,,453000.0,-1013000.0,13224000.0,1605000.0,,,360000.0,10095000.0,8991000.0,8249000.0,,742000.0,,,,,,1164000.0,,,,,,,,8767000.0,1456000.0,6869000.0,7311000.0,7311000.0,7311000.0,,442000.0,,6869000.0,0.71,0.7,9725900.0,9787300.0,11362000.0,7311000.0,7311000.0,1195000.0,418000.0,7311000.0,,,0.0,0.0,920000.0,1264000.0,2338000.0,1104000.0,,,,,1375000.0,,,,,,
BAC,18,BAC,2018-12-31,22677000.0,12504000.0,17836000.0,10716000.0,10716000.0,4383000.0,,1046000.0,1691000.0,5332000.0,1562000.0,1716000.0,1736000.0,,318000.0,10173000.0,,6997000.0,6997000.0,1931000.0,2536000.0,,,,,0.0,0.0,,,380000.0,-905000.0,13074000.0,1593000.0,1015000.0,427000.0,480000.0,9845000.0,8624000.0,7735000.0,,889000.0,,,,,,1156000.0,,,,,,,,8698000.0,1420000.0,7039000.0,7278000.0,7278000.0,7278000.0,,239000.0,,7039000.0,0.71,0.7,9855800.0,9996000.0,11599000.0,7278000.0,7278000.0,1046000.0,524000.0,7278000.0,,,0.0,0.0,1008000.0,1348000.0,1448000.0,1221000.0,,,,,1522000.0,,,,,,
BAC,19,BAC,2018-09-30,22777000.0,11870000.0,16965000.0,10401000.0,10401000.0,4158000.0,,799000.0,1607000.0,5095000.0,1230000.0,1526000.0,2004000.0,,335000.0,10907000.0,,6925000.0,6925000.0,1961000.0,,,,,,0.0,0.0,,,885000.0,-716000.0,13067000.0,1436000.0,1015000.0,421000.0,439000.0,11192000.0,10771000.0,7721000.0,,3050000.0,,,,,,,,,,,,,,8994000.0,1827000.0,6701000.0,7167000.0,7167000.0,7167000.0,,466000.0,,6701000.0,0.67,0.66,10031600.0,10170800.0,11154000.0,7167000.0,7167000.0,799000.0,515000.0,7167000.0,,,0.0,0.0,3494000.0,1204000.0,1893000.0,421000.0,,,,,1470000.0,,,,,,
BAC,20,BAC,2018-06-30,22609000.0,11650000.0,16369000.0,10071000.0,10071000.0,4054000.0,,709000.0,1535000.0,4719000.0,943000.0,1462000.0,1966000.0,,348000.0,10959000.0,,6954000.0,6954000.0,1954000.0,,,,,,0.0,0.0,,,268000.0,-827000.0,13284000.0,1437000.0,1022000.0,415000.0,399000.0,11448000.0,11053000.0,7944000.0,,3109000.0,,,,,,,,,,,,,,8498000.0,1714000.0,6466000.0,6784000.0,6784000.0,6784000.0,,318000.0,,6466000.0,0.64,0.63,10181700.0,10309400.0,10823000.0,6784000.0,6784000.0,709000.0,513000.0,6784000.0,,,0.0,0.0,3458000.0,1422000.0,2315000.0,395000.0,,,,,1542000.0,,,,,,
BAC,21,BAC,2018-03-31,23125000.0,11608000.0,15599000.0,9623000.0,9623000.0,3940000.0,,622000.0,1414000.0,3991000.0,760000.0,1135000.0,1739000.0,,357000.0,11517000.0,,7042000.0,7042000.0,1921000.0,,,,,,0.0,0.0,,,423000.0,-834000.0,13897000.0,1456000.0,1014000.0,442000.0,381000.0,12060000.0,11715000.0,8480000.0,,3235000.0,,,,,,,,,,,,,,8394000.0,1476000.0,6490000.0,6918000.0,6918000.0,6918000.0,,428000.0,,6490000.0,0.63,0.62,10322394.0,10472706.0,10774000.0,6918000.0,6918000.0,622000.0,511000.0,6918000.0,,,0.0,0.0,3664000.0,1353000.0,2699000.0,345000.0,,,,,1457000.0,,,,,,
BAC,22,BAC,2017-12-31,20436000.0,11462000.0,15066000.0,9344000.0,9344000.0,3851000.0,,732000.0,1139000.0,3604000.0,679000.0,1030000.0,1581000.0,,314000.0,8974000.0,,6909000.0,6909000.0,1955000.0,,,,,,-131000.0,-23000.0,-108000.0,,-375000.0,-1001000.0,13274000.0,1420000.0,1009000.0,411000.0,471000.0,11383000.0,10872000.0,7533000.0,,3339000.0,,,,,,375000.0,,,,,,,,6161000.0,3796000.0,2079000.0,2365000.0,2365000.0,2365000.0,,286000.0,,2079000.0,0.2,0.2,10470672.0,10621809.0,10461000.0,2365000.0,2365000.0,732000.0,515000.0,2365000.0,,,0.0,0.0,3399000.0,1418000.0,1153000.0,511000.0,,,,,1555000.0,,,,,,
BAC,23,BAC,2017-09-30,21839000.0,11161000.0,14657000.0,9203000.0,9203000.0,3720000.0,,659000.0,1075000.0,3496000.0,624000.0,944000.0,1609000.0,,319000.0,10678000.0,,6700000.0,6700000.0,1968000.0,,,,,,105000.0,125000.0,-20000.0,,559000.0,-834000.0,13139000.0,1415000.0,999000.0,416000.0,476000.0,11097000.0,10636000.0,7483000.0,,3153000.0,151000.0,151000.0,151000.0,151000.0,,,,,,,,,,7866000.0,2279000.0,5122000.0,5587000.0,5587000.0,5587000.0,,465000.0,36000.0,5122000.0,0.5,0.48,10197891.0,10725482.0,10327000.0,5587000.0,5587000.0,659000.0,151000.0,5587000.0,,,0.0,0.0,3303000.0,1477000.0,1837000.0,461000.0,,,,,1429000.0,,,,,,
BAC,24,BAC,2017-06-30,22829000.0,10986000.0,14146000.0,8920000.0,8920000.0,3757000.0,,560000.0,909000.0,3160000.0,346000.0,917000.0,1590000.0,,307000.0,11843000.0,,6763000.0,6763000.0,1977000.0,,,,,,331000.0,101000.0,230000.0,,1261000.0,-726000.0,13726000.0,1428000.0,1001000.0,427000.0,485000.0,11653000.0,11211000.0,7712000.0,,3499000.0,160000.0,160000.0,160000.0,160000.0,,,,,,,,,,8377000.0,3108000.0,4908000.0,5269000.0,5269000.0,5269000.0,,361000.0,75000.0,4908000.0,0.49,0.46,10013503.0,10822069.0,10260000.0,5269000.0,5269000.0,560000.0,160000.0,5269000.0,,,0.0,0.0,3317000.0,1532000.0,1956000.0,442000.0,,,,,1469000.0,,,,,,
BAC,25,BAC,2017-03-31,22248000.0,11058000.0,13710000.0,8754000.0,8754000.0,3617000.0,,439000.0,900000.0,2652000.0,282000.0,647000.0,1459000.0,,264000.0,11190000.0,,6629000.0,6629000.0,1918000.0,,,,,,174000.0,52000.0,122000.0,,472000.0,-835000.0,14848000.0,1438000.0,1000000.0,438000.0,456000.0,12792000.0,12460000.0,9158000.0,,3302000.0,162000.0,162000.0,162000.0,162000.0,,,,,,,,,,6565000.0,1709000.0,4354000.0,4856000.0,4856000.0,4856000.0,,502000.0,75000.0,4354000.0,0.43,0.41,10099557.0,10914815.0,10223000.0,4856000.0,4856000.0,439000.0,162000.0,4856000.0,,,0.0,0.0,3262000.0,1584000.0,2331000.0,332000.0,,,,,1449000.0,,,,,,
BAC,26,BAC,2016-12-31,19990000.0,10292000.0,12865000.0,8391000.0,8391000.0,3338000.0,,315000.0,821000.0,2573000.0,279000.0,542000.0,1512000.0,,240000.0,9698000.0,,6682000.0,6682000.0,1978000.0,,,,,,519000.0,0.0,519000.0,,194000.0,-774000.0,13161000.0,1416000.0,969000.0,447000.0,538000.0,11031000.0,10571000.0,7338000.0,,3233000.0,176000.0,176000.0,176000.0,176000.0,,,,,,,,,,6055000.0,1359000.0,4335000.0,4696000.0,4696000.0,4696000.0,,361000.0,75000.0,4335000.0,0.43,0.4,10170031.0,10958621.0,9518000.0,4696000.0,4696000.0,315000.0,176000.0,4696000.0,,,0.0,0.0,3202000.0,1222000.0,1081000.0,460000.0,,,,,1502000.0,,,,,,
CS,4,CS,2022-03-31,4399000.0,1459000.0,2234000.0,1194000.0,1194000.0,702000.0,,233000.0,105000.0,775000.0,54000.0,8000.0,536000.0,100000.0,77000.0,2940000.0,,2064000.0,2362000.0,831000.0,828000.0,396000.0,298000.0,,329000.0,161000.0,163000.0,-2000.0,,512000.0,-38000.0,3950000.0,644000.0,237000.0,407000.0,521000.0,2730000.0,2730000.0,2507000.0,,223000.0,1000.0,1000.0,1000.0,1000.0,,54000.0,43000.0,-882000.0,-345000.0,0.0,,491000.0,,-428000.0,-151000.0,-273000.0,-273000.0,-277000.0,-277000.0,,,,-273000.0,-0.09,-0.09,2765716.0,2765716.0,1421000.0,-273000.0,297654.0,233000.0,360000.0,-273000.0,-882000.0,-882000.0,0.0,-311346.0,703000.0,239000.0,-365000.0,,46000.0,,,4000.0,,,,,,,
CS,5,CS,2021-12-31,4325000.0,1318000.0,2253000.0,,,,,,,935000.0,,,,,,3007000.0,,2738000.0,3021000.0,,,,283000.0,,,0.0,0.0,,,420000.0,20000.0,3813000.0,,,,,4249000.0,4249000.0,2145000.0,,2104000.0,,,,,,-436000.0,,-2118000.0,-26000.0,1623000.0,,436000.0,,-1586000.0,416000.0,-2007000.0,-2007000.0,-2002000.0,-2002000.0,,,,-2007000.0,-0.78,-0.78,2678400.0,2678400.0,1338000.0,-2007000.0,-205217.0,,2020000.0,-2007000.0,-2118000.0,-2118000.0,0.0,-316217.0,,,-151000.0,,33000.0,,,-5000.0,,,,,,,
CS,6,CS,2021-09-30,5374000.0,1423000.0,2392000.0,1244000.0,1244000.0,737000.0,,268000.0,143000.0,969000.0,31000.0,27000.0,650000.0,179000.0,82000.0,3951000.0,,2462000.0,2768000.0,1155000.0,874000.0,714000.0,306000.0,,358000.0,176000.0,175000.0,1000.0,,214000.0,-47000.0,4268000.0,631000.0,233000.0,398000.0,533000.0,2527000.0,2527000.0,2283000.0,,244000.0,2000.0,2000.0,2000.0,2000.0,,575000.0,-57000.0,6000.0,,,,-6000.0,,1008000.0,570000.0,434000.0,434000.0,438000.0,438000.0,,,,434000.0,0.15,0.15,2567312.0,2643272.0,1376000.0,434000.0,428896.0,268000.0,315000.0,434000.0,6000.0,6000.0,0.0,895.8,739000.0,481000.0,260000.0,,0.0,,,-4000.0,,,,,,,
CS,7,CS,2021-06-30,4298000.0,1416000.0,2879000.0,1277000.0,1277000.0,1109000.0,,311000.0,182000.0,1463000.0,38000.0,40000.0,660000.0,209000.0,516000.0,2882000.0,,2207000.0,2532000.0,932000.0,891000.0,448000.0,325000.0,,358000.0,17000.0,75000.0,-58000.0,,-121000.0,81000.0,3718000.0,614000.0,231000.0,383000.0,454000.0,2602000.0,2602000.0,2356000.0,,246000.0,2000.0,2000.0,2000.0,2000.0,,46000.0,55000.0,97000.0,317000.0,,,175000.0,,813000.0,566000.0,253000.0,253000.0,247000.0,247000.0,,,,253000.0,0.09,0.09,2592456.0,2651512.0,1497000.0,253000.0,170482.0,311000.0,342000.0,253000.0,97000.0,97000.0,0.0,14482.0,709000.0,626000.0,-205000.0,,45000.0,,,6000.0,,,,,,,
CS,8,CS,2021-03-31,7101000.0,1654000.0,3055000.0,,,,,,,1401000.0,,,,,,5447000.0,,3408000.0,3737000.0,,,,329000.0,,,0.0,0.0,,,228000.0,-4394000.0,3541000.0,,,,,3583000.0,3583000.0,2207000.0,,1376000.0,,,,,,-42000.0,,77000.0,144000.0,,,42000.0,,-757000.0,-526000.0,-252000.0,-252000.0,-231000.0,-231000.0,,,,-252000.0,-0.09,-0.09,2584744.0,2584744.0,-2740000.0,-252000.0,-317504.0,,364000.0,-252000.0,77000.0,77000.0,0.0,11496.0,,,1811000.0,,25000.0,,,-21000.0,,,,,,,
CS,9,CS,2020-12-31,4918000.0,1448000.0,2790000.0,1266000.0,1266000.0,1075000.0,,343000.0,106000.0,1342000.0,96000.0,0.0,586000.0,209000.0,451000.0,3470000.0,,2888000.0,3191000.0,939000.0,851000.0,,303000.0,,675000.0,0.0,0.0,-12000.0,,98000.0,-138000.0,4818000.0,630000.0,265000.0,365000.0,440000.0,4818000.0,4818000.0,2539000.0,,2279000.0,3000.0,3000.0,3000.0,3000.0,,-757000.0,-361000.0,-50000.0,285000.0,0.0,,757000.0,,-88000.0,262000.0,-353000.0,-353000.0,-350000.0,-350000.0,,,,-353000.0,-0.14,-0.14,2570799.0,2570799.0,1310000.0,-353000.0,-310420.0,343000.0,356000.0,-353000.0,-50000.0,-50000.0,0.0,-7420.0,746000.0,655000.0,484000.0,,50000.0,,,-3000.0,,,,,414000.0,,
CS,10,CS,2020-09-30,4860000.0,1396000.0,3245000.0,1337000.0,1337000.0,1510000.0,,317000.0,81000.0,1849000.0,157000.0,14000.0,626000.0,193000.0,859000.0,3464000.0,,1884000.0,2179000.0,665000.0,774000.0,308000.0,295000.0,,688000.0,53000.0,59000.0,-6000.0,,221000.0,-98000.0,3722000.0,608000.0,252000.0,356000.0,354000.0,2713000.0,2713000.0,2478000.0,,235000.0,2000.0,2000.0,2000.0,2000.0,,45000.0,48000.0,-285000.0,,,,178000.0,,803000.0,258000.0,546000.0,546000.0,545000.0,545000.0,,,,546000.0,0.21,0.21,2593618.0,2673698.0,1298000.0,546000.0,739515.0,317000.0,340000.0,546000.0,-285000.0,-285000.0,0.0,-91485.0,740000.0,676000.0,-58000.0,,107000.0,,,1000.0,,,,,,,
CS,11,CS,2020-06-30,5831000.0,1570000.0,3589000.0,1488000.0,1488000.0,1568000.0,,391000.0,142000.0,2019000.0,299000.0,76000.0,657000.0,211000.0,776000.0,4261000.0,,2007000.0,2320000.0,744000.0,752000.0,383000.0,313000.0,,539000.0,207000.0,202000.0,5000.0,,233000.0,-275000.0,3970000.0,594000.0,237000.0,357000.0,377000.0,2929000.0,2929000.0,2594000.0,,335000.0,1000.0,1000.0,1000.0,1000.0,,69000.0,23000.0,-58000.0,-3000.0,,,58000.0,,1551000.0,391000.0,1162000.0,1162000.0,1160000.0,1160000.0,,,,1162000.0,0.44,0.44,2613268.0,2653203.0,1295000.0,1162000.0,1205384.0,391000.0,344000.0,1162000.0,-58000.0,-58000.0,0.0,-14616.0,824000.0,560000.0,715000.0,,,,,2000.0,,,,,,,
CS,12,CS,2020-03-31,5376000.0,1534000.0,4295000.0,1642000.0,1642000.0,1666000.0,,545000.0,442000.0,2761000.0,561000.0,76000.0,884000.0,294000.0,946000.0,3842000.0,,2218000.0,2563000.0,768000.0,810000.0,332000.0,345000.0,,571000.0,192000.0,213000.0,-21000.0,,141000.0,-553000.0,3639000.0,578000.0,228000.0,350000.0,375000.0,2635000.0,2635000.0,2316000.0,,319000.0,2000.0,2000.0,2000.0,2000.0,,49000.0,36000.0,-19000.0,-5000.0,,,19000.0,,1201000.0,-110000.0,1314000.0,1314000.0,1311000.0,1311000.0,,,,1314000.0,0.5,0.49,2605134.0,2670317.0,981000.0,1314000.0,1330180.0,545000.0,316000.0,1314000.0,-19000.0,-19000.0,0.0,-2820.0,985000.0,364000.0,356000.0,,,,,3000.0,,,,,,,
CS,13,CS,2019-12-31,5866000.0,1702000.0,4384000.0,1724000.0,1724000.0,1479000.0,,626000.0,555000.0,2682000.0,674000.0,101000.0,747000.0,328000.0,832000.0,4164000.0,,2541000.0,2865000.0,867000.0,873000.0,443000.0,324000.0,,871000.0,0.0,0.0,3000.0,146000.0,1055000.0,-146000.0,4488000.0,666000.0,308000.0,358000.0,497000.0,4506000.0,4506000.0,2590000.0,,1916000.0,1000.0,1000.0,1000.0,1000.0,,-18000.0,71000.0,-18000.0,-18000.0,,,18000.0,,1214000.0,361000.0,852000.0,852000.0,853000.0,853000.0,,,,852000.0,0.32,0.31,2612423.0,2703490.0,1556000.0,852000.0,864654.0,626000.0,574000.0,852000.0,-18000.0,-18000.0,0.0,-5346.0,753000.0,372000.0,568000.0,,,,,-1000.0,,,,,,,
CS,14,CS,2019-09-30,4949000.0,1782000.0,5329000.0,1813000.0,1813000.0,2118000.0,,740000.0,658000.0,3547000.0,790000.0,97000.0,851000.0,402000.0,1407000.0,3167000.0,,2096000.0,2421000.0,799000.0,874000.0,375000.0,325000.0,,72000.0,353000.0,354000.0,-1000.0,,236000.0,-72000.0,3759000.0,589000.0,253000.0,336000.0,405000.0,2704000.0,2704000.0,2383000.0,,321000.0,6000.0,6000.0,6000.0,6000.0,,55000.0,51000.0,-27000.0,,,,27000.0,,1142000.0,256000.0,881000.0,881000.0,886000.0,886000.0,,,,881000.0,0.33,0.32,2646441.0,2715323.0,1710000.0,881000.0,901947.0,740000.0,236000.0,881000.0,-27000.0,-27000.0,0.0,-6053.0,748000.0,333000.0,77000.0,,,,,-5000.0,,,,,,,
CS,15,CS,2019-06-30,5064000.0,2001000.0,5653000.0,1855000.0,1855000.0,2249000.0,,779000.0,770000.0,3652000.0,808000.0,114000.0,910000.0,456000.0,1364000.0,3063000.0,,2099000.0,2413000.0,817000.0,846000.0,374000.0,314000.0,,-60000.0,114000.0,121000.0,-7000.0,75000.0,154000.0,-25000.0,3895000.0,573000.0,247000.0,326000.0,407000.0,2881000.0,2881000.0,2597000.0,,284000.0,1000.0,1000.0,1000.0,1000.0,,33000.0,54000.0,104000.0,-16000.0,,,-104000.0,,1302000.0,365000.0,937000.0,937000.0,937000.0,937000.0,,,,937000.0,0.35,0.34,2689862.0,2743108.0,1976000.0,937000.0,862155.0,779000.0,229000.0,937000.0,104000.0,104000.0,0.0,29155.0,750000.0,514000.0,242000.0,,,,,0.0,,,,,,,
CS,16,CS,2019-03-31,5044000.0,1532000.0,4818000.0,1787000.0,1787000.0,1503000.0,,781000.0,747000.0,3286000.0,783000.0,97000.0,904000.0,482000.0,1020000.0,5044000.0,,-313000.0,2267000.0,717000.0,845000.0,321000.0,313000.0,,-215000.0,30000.0,102000.0,-9000.0,30000.0,5357000.0,-81000.0,3890000.0,605000.0,282000.0,323000.0,403000.0,3931000.0,3931000.0,2518000.0,,1413000.0,2000.0,2000.0,2000.0,2000.0,,-41000.0,56000.0,-11000.0,-35000.0,,,11000.0,,1062000.0,313000.0,749000.0,749000.0,749000.0,749000.0,,,,749000.0,0.27,0.27,2718386.0,2769836.0,-81000.0,749000.0,756755.0,781000.0,236000.0,749000.0,-11000.0,-11000.0,0.0,-3245.0,705000.0,345000.0,1055000.0,,0.0,,,0.0,,,,,,,
CS,17,CS,2018-12-31,4442000.0,2431000.0,5516000.0,1792000.0,1792000.0,2209000.0,,771000.0,742000.0,3085000.0,670000.0,74000.0,892000.0,498000.0,968000.0,2011000.0,,2531000.0,2832000.0,979000.0,898000.0,490000.0,301000.0,,56000.0,0.0,0.0,-4000.0,12000.0,435000.0,-59000.0,3823000.0,568000.0,243000.0,325000.0,499000.0,3823000.0,3823000.0,1959000.0,,1864000.0,2000.0,2000.0,2000.0,2000.0,,-2000.0,57000.0,-111000.0,3000.0,,,108000.0,,449000.0,245000.0,208000.0,208000.0,204000.0,204000.0,,,,208000.0,0.09,0.09,2709090.0,2768357.0,2372000.0,208000.0,299020.0,771000.0,271000.0,208000.0,-111000.0,-111000.0,0.0,-19980.0,657000.0,330000.0,-955000.0,,111000.0,,,4000.0,,,,,,,
CS,18,CS,2018-09-30,4519000.0,1419000.0,4558000.0,1696000.0,1696000.0,1432000.0,,722000.0,708000.0,3139000.0,580000.0,80000.0,1032000.0,503000.0,944000.0,3100000.0,,2130000.0,2416000.0,894000.0,896000.0,451000.0,286000.0,,158000.0,17000.0,28000.0,-11000.0,15000.0,165000.0,-65000.0,3671000.0,532000.0,233000.0,299000.0,393000.0,2708000.0,2708000.0,2394000.0,,314000.0,2000.0,2000.0,2000.0,2000.0,,36000.0,50000.0,-162000.0,5000.0,2000.0,,-4000.0,,671000.0,261000.0,424000.0,424000.0,410000.0,410000.0,,,,424000.0,0.16,0.15,2708878.0,2767829.0,1354000.0,424000.0,522987.0,722000.0,249000.0,424000.0,-162000.0,-162000.0,0.0,-63013.0,626000.0,405000.0,225000.0,,171000.0,,,14000.0,,,,,,,
CS,19,CS,2018-06-30,5595000.0,1593000.0,5090000.0,1679000.0,1679000.0,1988000.0,,706000.0,717000.0,3497000.0,587000.0,123000.0,982000.0,477000.0,1328000.0,5595000.0,,-328000.0,2646000.0,994000.0,896000.0,465000.0,328000.0,,-31000.0,62000.0,61000.0,1000.0,,5595000.0,-73000.0,3911000.0,521000.0,248000.0,273000.0,428000.0,3967000.0,3967000.0,2547000.0,,1420000.0,2000.0,2000.0,2000.0,2000.0,,-56000.0,52000.0,-231000.0,0.0,,,56000.0,,1052000.0,398000.0,1052000.0,1052000.0,1052000.0,1052000.0,,,,1052000.0,0.24,0.24,2727683.0,2778605.0,-73000.0,1052000.0,1052000.0,706000.0,208000.0,1052000.0,-231000.0,-231000.0,0.0,0.0,756000.0,513000.0,559000.0,,175000.0,,,-7000.0,,,,,,,
CS,20,CS,2018-03-31,5133000.0,1585000.0,4451000.0,1603000.0,1603000.0,1582000.0,,657000.0,609000.0,2866000.0,450000.0,82000.0,910000.0,399000.0,1025000.0,3548000.0,,2232000.0,2576000.0,862000.0,892000.0,392000.0,344000.0,,184000.0,138000.0,128000.0,10000.0,1000.0,130000.0,-48000.0,3961000.0,517000.0,240000.0,277000.0,483000.0,2903000.0,2903000.0,2538000.0,,365000.0,3000.0,3000.0,3000.0,3000.0,,55000.0,69000.0,-139000.0,73000.0,,,68000.0,,1054000.0,362000.0,694000.0,694000.0,692000.0,692000.0,,,,694000.0,0.26,0.25,2732437.0,2803537.0,1537000.0,694000.0,785260.0,657000.0,208000.0,694000.0,-139000.0,-139000.0,0.0,-47740.0,822000.0,470000.0,394000.0,,144000.0,,,2000.0,,,,,,,
CS,21,CS,2017-12-31,4730000.0,1565000.0,4140000.0,1552000.0,1552000.0,1426000.0,,633000.0,529000.0,2575000.0,373000.0,50000.0,943000.0,388000.0,821000.0,3165000.0,,2227000.0,2592000.0,884000.0,965000.0,414000.0,365000.0,,402000.0,47000.0,49000.0,-2000.0,,193000.0,-43000.0,4240000.0,570000.0,255000.0,315000.0,701000.0,2921000.0,2921000.0,2568000.0,,353000.0,2000.0,2000.0,2000.0,2000.0,,46000.0,68000.0,-374000.0,28000.0,,,265000.0,,141000.0,2234000.0,-2126000.0,-2126000.0,-2093000.0,-2093000.0,,,,-2126000.0,-0.79,-0.79,2710569.0,2710569.0,1522000.0,-2126000.0,-1843293.0,633000.0,243000.0,-2126000.0,-374000.0,-374000.0,0.0,-91293.0,743000.0,512000.0,-216000.0,,137000.0,,,-33000.0,,,,,,,
CS,22,CS,2017-09-30,4571000.0,1622000.0,4273000.0,1520000.0,1520000.0,1637000.0,,643000.0,473000.0,2651000.0,348000.0,43000.0,933000.0,319000.0,1008000.0,2949000.0,,2059000.0,2406000.0,817000.0,866000.0,396000.0,347000.0,,350000.0,-41000.0,-46000.0,5000.0,,255000.0,-32000.0,3973000.0,557000.0,256000.0,301000.0,554000.0,2804000.0,2804000.0,2451000.0,,353000.0,2000.0,2000.0,2000.0,2000.0,,56000.0,59000.0,-225000.0,,,,113000.0,,400000.0,153000.0,244000.0,244000.0,247000.0,247000.0,,,,244000.0,0.09,0.09,2710357.0,2774379.0,1590000.0,244000.0,382825.0,643000.0,215000.0,244000.0,-225000.0,-225000.0,0.0,-86175.0,723000.0,356000.0,-30000.0,,112000.0,,,-3000.0,,,,,,,
CS,23,CS,2017-06-30,4794000.0,1737000.0,4602000.0,1447000.0,1447000.0,2052000.0,,632000.0,471000.0,2865000.0,328000.0,40000.0,893000.0,324000.0,1280000.0,3057000.0,,2114000.0,2464000.0,854000.0,841000.0,370000.0,350000.0,,703000.0,31000.0,30000.0,1000.0,,234000.0,-82000.0,4089000.0,505000.0,246000.0,259000.0,592000.0,2943000.0,2943000.0,2542000.0,,401000.0,2000.0,2000.0,2000.0,2000.0,,47000.0,65000.0,-106000.0,,2000.0,,37000.0,,582000.0,276000.0,303000.0,303000.0,306000.0,306000.0,,,,303000.0,0.22,0.22,2697436.0,2697436.0,1655000.0,303000.0,383125.0,632000.0,217000.0,303000.0,-106000.0,-106000.0,0.0,-25875.0,769000.0,441000.0,-466000.0,,69000.0,,,-3000.0,,,,,,,
CS,24,CS,2017-03-31,5117000.0,1633000.0,4042000.0,1460000.0,1460000.0,1629000.0,,607000.0,346000.0,2409000.0,305000.0,33000.0,953000.0,253000.0,865000.0,3484000.0,,2181000.0,2549000.0,912000.0,822000.0,448000.0,368000.0,,534000.0,46000.0,47000.0,-1000.0,,186000.0,-53000.0,4209000.0,524000.0,243000.0,281000.0,599000.0,3035000.0,3035000.0,2658000.0,,377000.0,3000.0,3000.0,3000.0,3000.0,,48000.0,41000.0,-226000.0,15000.0,,,104000.0,,670000.0,78000.0,596000.0,596000.0,592000.0,592000.0,,,,596000.0,0.26,0.25,2339222.0,2401447.0,1580000.0,596000.0,795784.0,607000.0,219000.0,596000.0,-226000.0,-226000.0,0.0,-26216.0,815000.0,497000.0,40000.0,,137000.0,,,4000.0,,,,,,,
CS,25,CS,2016-12-31,4707000.0,1622000.0,3810000.0,1450000.0,1450000.0,1352000.0,,660000.0,348000.0,2188000.0,286000.0,28000.0,911000.0,271000.0,692000.0,3085000.0,,2547000.0,2941000.0,956000.0,843000.0,483000.0,394000.0,,-1614000.0,0.0,0.0,10000.0,78000.0,280000.0,-75000.0,4465000.0,563000.0,262000.0,301000.0,769000.0,6566000.0,6566000.0,2682000.0,,3884000.0,1000.0,1000.0,1000.0,1000.0,,-2101000.0,79000.0,-2070000.0,2000.0,0.0,,2023000.0,,-1903000.0,442000.0,-2347000.0,-2347000.0,-2345000.0,-2345000.0,,,,-2347000.0,-1.14,-1.14,2301420.0,2301420.0,1547000.0,-2347000.0,-666160.0,660000.0,232000.0,-2347000.0,-2070000.0,-2070000.0,0.0,-389160.0,766000.0,376000.0,258000.0,,49000.0,,,-2000.0,,,,,,,
PACW,5,PACW,2022-03-31,311723.0,308717.0,322904.0,267759.0,,53422.0,1723.0,,,14187.0,6208.0,,7979.0,,,3006.0,,-2661.0,15151.0,3571.0,,11580.0,17812.0,-11375.0,,793.0,733.0,60.0,,16249.0,0.0,149614.0,15200.0,15200.0,,5954.0,107359.0,107359.0,92240.0,5490.0,9629.0,12838.0,12838.0,3649.0,3649.0,,8263.0,,0.0,,,,,,162109.0,41981.0,118091.0,120128.0,120128.0,120128.0,,,,118091.0,1.01,1.01,117349.0,117349.0,308717.0,120128.0,120128.0,1723.0,12838.0,120128.0,0.0,0.0,0.0,0.0,,,,,0.0,,,,,,,9189.0,,,
PACW,6,PACW,2021-12-31,345985.0,300405.0,314805.0,263662.0,,48469.0,2674.0,,,14400.0,6622.0,,7778.0,,,45580.0,,2307.0,14109.0,3476.0,,10633.0,11802.0,,,1171.0,999.0,172.0,,42102.0,6000.0,158718.0,14656.0,14656.0,,5946.0,112903.0,112903.0,99700.0,5032.0,8171.0,13445.0,13445.0,3876.0,3876.0,,11768.0,,-5590.0,,0.0,,,,187677.0,51632.0,133734.0,136045.0,136045.0,136045.0,,,,133734.0,1.14,1.14,117263.0,117263.0,306405.0,136045.0,140098.0,2674.0,13445.0,136045.0,-5590.0,-5590.0,0.0,-1537.0,,,,,5590.0,,,,,,,9569.0,,,
PACW,7,PACW,2021-09-30,318469.0,275842.0,290082.0,246722.0,,40780.0,2580.0,,,14240.0,6417.0,,7823.0,,,42627.0,,6481.0,15199.0,3407.0,,11792.0,8718.0,,,515.0,515.0,0.0,,35631.0,20000.0,150503.0,14928.0,14928.0,,5164.0,109137.0,109137.0,98061.0,3685.0,7391.0,11493.0,11493.0,2890.0,2890.0,,9781.0,,-200.0,,0.0,,,,187766.0,47770.0,137579.0,139996.0,139996.0,139996.0,,,,137579.0,1.17,1.17,117229.0,117229.0,295842.0,139996.0,140145.0,2580.0,11493.0,139996.0,-200.0,-200.0,0.0,-50.8,,,,,200.0,,,,,,,8603.0,,,
PACW,8,PACW,2021-06-30,297675.0,266308.0,280505.0,244529.0,,33954.0,2022.0,,,14197.0,7269.0,,6928.0,,,31367.0,,5152.0,14156.0,3452.0,,10704.0,9004.0,,,1422.0,0.0,1422.0,,24793.0,88000.0,142546.0,14784.0,14784.0,,5256.0,102310.0,102310.0,90807.0,3745.0,7758.0,11503.0,11503.0,2889.0,2889.0,,8693.0,,-200.0,,0.0,,,,242929.0,62417.0,177340.0,180512.0,180512.0,180512.0,,,,177340.0,1.52,1.52,117030.0,117030.0,354308.0,180512.0,180661.0,2022.0,11503.0,180512.0,-200.0,-200.0,0.0,-51.4,,,,,200.0,,,,,,,8614.0,,,
PACW,9,PACW,2021-03-31,298087.0,261269.0,273337.0,241544.0,,30265.0,1528.0,,,12068.0,7500.0,,4568.0,,,36818.0,,4081.0,12092.0,2934.0,,9158.0,8011.0,,,240.0,101.0,139.0,,32497.0,48000.0,138700.0,14054.0,14054.0,,5126.0,91742.0,91742.0,79882.0,4903.0,6957.0,12048.0,12048.0,3079.0,3079.0,,15730.0,,-3425.0,,0.0,,,,203962.0,53556.0,148051.0,150406.0,150406.0,150406.0,,,,148051.0,1.27,1.27,116849.0,116849.0,309269.0,150406.0,152930.0,1528.0,12048.0,150406.0,-3425.0,-3425.0,0.0,-900.775,,,,,3425.0,,,,,,,8969.0,,,
PACW,10,PACW,2020-12-31,290702.0,259208.0,272176.0,242198.0,,28843.0,1135.0,,,12968.0,8454.0,,4514.0,,,31494.0,,4737.0,13093.0,3119.0,,9974.0,8356.0,,,1675.0,4.0,1671.0,,25082.0,-10000.0,126266.0,14083.0,14083.0,,6800.0,84953.0,84953.0,73171.0,5064.0,6718.0,10673.0,10673.0,3172.0,3172.0,,9757.0,,-1060.0,,0.0,,,,153376.0,36546.0,115432.0,116830.0,116830.0,116830.0,,,,115432.0,0.99,0.99,116794.0,116794.0,249208.0,116830.0,117638.0,1135.0,10673.0,116830.0,-1060.0,-1060.0,0.0,-252.28,,,,,1060.0,,,,,,,7501.0,,,
PACW,11,PACW,2020-09-30,281315.0,251324.0,265908.0,240811.0,,24443.0,654.0,,,14584.0,9887.0,,4697.0,,,29991.0,,4850.0,13111.0,2570.0,,10541.0,8261.0,,,5305.0,5270.0,35.0,,19836.0,-97000.0,125141.0,14771.0,14771.0,,4713.0,85575.0,85575.0,75131.0,3939.0,6505.0,10808.0,10808.0,3751.0,3751.0,,9274.0,,0.0,,0.0,,,,59174.0,13671.0,44925.0,45503.0,45503.0,45503.0,,,,44925.0,0.38,0.38,116754.0,116754.0,154324.0,45503.0,45503.0,654.0,10808.0,45503.0,0.0,0.0,0.0,0.0,,,,,0.0,,,,,,,7057.0,,,
PACW,12,PACW,2020-06-30,285350.0,254279.0,274075.0,247851.0,,26038.0,186.0,,,19796.0,13075.0,,6721.0,,,31071.0,,4328.0,12115.0,2004.0,,10111.0,7787.0,,,8061.0,7715.0,346.0,,18682.0,-120000.0,119178.0,14494.0,14494.0,,4146.0,78385.0,78385.0,61910.0,9373.0,7102.0,10984.0,10984.0,3882.0,3882.0,,11169.0,,0.0,,0.0,,,,46172.0,12968.0,32842.0,33204.0,33204.0,33204.0,,,,32842.0,0.28,0.28,116586.0,116586.0,134279.0,33204.0,33204.0,186.0,10984.0,33204.0,0.0,0.0,0.0,0.0,,,,,0.0,,,,,,,7102.0,,,
PACW,13,PACW,2020-03-31,272265.0,249747.0,291332.0,262278.0,,27446.0,1608.0,,,41585.0,28247.0,,13338.0,,,22518.0,,5797.0,12379.0,2658.0,,9721.0,6582.0,,,269.0,182.0,87.0,,16452.0,-112000.0,111388.0,14207.0,14207.0,,4258.0,71985.0,71985.0,61282.0,4249.0,6454.0,11153.0,11153.0,3948.0,3948.0,,9785.0,,-1470000.0,,1470000.0,,,,-1421123.0,11988.0,-1434050.0,-1433111.0,-1433111.0,-1433111.0,,,,-1434050.0,-12.23,-12.23,117280.0,117280.0,137747.0,-1433111.0,-360011.0,1608.0,11153.0,-1433111.0,-1470000.0,-1470000.0,0.0,-396900.0,,,,,0.0,,,,,,,7205.0,,,
PACW,14,PACW,2019-12-31,266876.0,246619.0,293593.0,263402.0,,28135.0,2056.0,,,46974.0,34802.0,,12172.0,,,20257.0,,6862.0,13781.0,3611.0,,10170.0,6919.0,,,207.0,184.0,23.0,,13188.0,-3000.0,117078.0,14541.0,14541.0,,4261.0,85575.0,85575.0,74637.0,4168.0,6770.0,11009.0,11009.0,4153.0,4153.0,,1692.0,,269.0,,0.0,,,,147067.0,29186.0,116423.0,117881.0,117881.0,117881.0,,,,116423.0,0.98,0.98,118238.0,118238.0,243619.0,117881.0,117665.0,2056.0,11009.0,117881.0,269.0,269.0,0.0,53.262,,,,,-269.0,,,,,,,6856.0,,,
PACW,15,PACW,2019-09-30,282037.0,252236.0,307208.0,275978.0,,28806.0,2424.0,,,54972.0,40703.0,,14269.0,,,29801.0,,10752.0,14380.0,3525.0,,10855.0,3628.0,,,1673.0,908.0,765.0,,17376.0,-7000.0,123181.0,14089.0,14089.0,,4400.0,82568.0,82568.0,71424.0,4100.0,7044.0,10784.0,10784.0,4833.0,4833.0,,11340.0,,0.0,,,,,,151856.0,41830.0,108657.0,110026.0,110026.0,110026.0,,,,108657.0,0.92,0.92,118209.0,118209.0,245236.0,110026.0,110026.0,2424.0,10784.0,110026.0,0.0,0.0,0.0,0.0,,,,,0.0,,,,,,,5951.0,,,
PACW,16,PACW,2019-06-30,308340.0,260898.0,314533.0,284236.0,,28948.0,1349.0,,,53635.0,38720.0,,14915.0,,,47442.0,,11910.0,15361.0,3771.0,,11590.0,3451.0,-83.0,,22518.0,22192.0,326.0,,13014.0,-8000.0,121976.0,14457.0,14457.0,,4629.0,79871.0,79871.0,68956.0,4098.0,6817.0,10428.0,10428.0,4870.0,4870.0,,12591.0,,0.0,,,,,,178364.0,50239.0,126935.0,128125.0,128125.0,128125.0,,,,126935.0,1.07,1.07,118580.0,118580.0,252898.0,128125.0,128125.0,1349.0,10428.0,128125.0,0.0,0.0,0.0,0.0,,,,,0.0,,,,,,,5558.0,,,
PACW,17,PACW,2019-03-31,283055.0,254876.0,304559.0,274229.0,,29680.0,650.0,,,49683.0,34235.0,,15448.0,,,28179.0,,11853.0,14738.0,3730.0,,11008.0,2885.0,,,2161.0,2161.0,0.0,,14165.0,-4000.0,122784.0,14320.0,14320.0,,4513.0,81808.0,81808.0,70845.0,4038.0,6925.0,10521.0,10521.0,4870.0,4870.0,,11622.0,,-618.0,,,,,,155653.0,43049.0,111441.0,112604.0,112604.0,112604.0,,,,111441.0,0.92,0.92,120875.0,120875.0,250876.0,112604.0,113051.0,650.0,10521.0,112604.0,-618.0,-618.0,0.0,-171.186,,,,,618.0,,,,,,,5651.0,,,
PACW,18,PACW,2018-12-31,292300.0,261765.0,302739.0,272522.0,,29690.0,527.0,,,40974.0,28834.0,,12140.0,,,30535.0,,12214.0,15205.0,4091.0,,11114.0,2991.0,,,786.0,786.0,0.0,,17535.0,-12000.0,125274.0,13356.0,13356.0,,6198.0,80431.0,80431.0,69299.0,4202.0,6930.0,10744.0,10744.0,4986.0,4986.0,,14545.0,,-970.0,,,,,,154056.0,39015.0,113822.0,115041.0,115041.0,115041.0,,,,113822.0,0.93,0.93,121812.0,121812.0,249765.0,115041.0,115766.0,527.0,10744.0,115041.0,-970.0,-970.0,0.0,-245.41,,,,,970.0,,,,,,,5758.0,,,
PACW,19,PACW,2018-09-30,294980.0,260317.0,292642.0,264062.0,,28061.0,519.0,,,32325.0,21121.0,,11204.0,,,34663.0,,14127.0,16376.0,3979.0,,12397.0,2249.0,,,826.0,826.0,0.0,,19710.0,-11500.0,125104.0,13069.0,13069.0,,6058.0,84519.0,84519.0,72333.0,5446.0,6740.0,10588.0,10588.0,5587.0,5587.0,,10870.0,,-800.0,,,,,,157576.0,41289.0,114859.0,116287.0,116287.0,116287.0,,,,114859.0,0.94,0.94,122120.0,122120.0,248817.0,116287.0,116877.0,519.0,10588.0,116287.0,-800.0,-800.0,0.0,-209.6,,,,,800.0,,,,,,,5001.0,,,
PACW,20,PACW,2018-06-30,298912.0,262332.0,288514.0,260300.0,,27730.0,484.0,,,26182.0,16367.0,,9815.0,,,36580.0,,12974.0,16032.0,4265.0,,11767.0,3058.0,,,359.0,253.0,106.0,,23247.0,-17500.0,123391.0,13575.0,13575.0,,5257.0,82139.0,82139.0,69913.0,5330.0,6896.0,10824.0,10824.0,5587.0,5587.0,,11596.0,,0.0,,,,,,158021.0,42286.0,114387.0,115735.0,115735.0,115735.0,,,,114387.0,0.92,0.92,124616.0,124616.0,244832.0,115735.0,115735.0,484.0,10824.0,115735.0,0.0,0.0,0.0,0.0,,,,,0.0,,,,,,,5237.0,,,
PACW,21,PACW,2018-03-31,292788.0,256500.0,277775.0,251085.0,,26138.0,552.0,,,21275.0,13818.0,,7457.0,,,36288.0,,12168.0,14439.0,4174.0,,10265.0,2271.0,,,10880.0,6311.0,4569.0,,13240.0,-4000.0,125124.0,13223.0,13223.0,,4439.0,83409.0,83409.0,71023.0,5727.0,6659.0,11721.0,11721.0,6346.0,6346.0,,12332.0,,0.0,,,,,,163664.0,45388.0,117161.0,118276.0,118276.0,118276.0,,,,117161.0,0.93,0.93,126074.0,126074.0,252500.0,118276.0,118276.0,552.0,11721.0,118276.0,0.0,0.0,0.0,0.0,,,,,0.0,,,,,,,5375.0,,,
PACW,22,PACW,2017-12-31,286611.0,262956.0,284597.0,258309.0,,25712.0,576.0,,,21641.0,14041.0,,7600.0,,,23655.0,,11939.0,15079.0,4574.0,,10505.0,3140.0,,,-1341.0,-3329.0,1988.0,,13057.0,-6406.0,123643.0,12715.0,12715.0,,5786.0,84134.0,84134.0,71986.0,5384.0,6764.0,10110.0,10110.0,5062.0,5062.0,,10898.0,,-16085.0,,,,,,140477.0,56440.0,83086.0,84037.0,84037.0,84037.0,,,,83086.0,0.66,0.66,126531.0,126531.0,256550.0,84037.0,93688.0,576.0,10110.0,84037.0,-16085.0,-16085.0,0.0,-6434.0,,,,,16085.0,,,,,,,5048.0,,,
PACW,23,PACW,2017-09-30,269651.0,241690.0,260966.0,235666.0,,24762.0,538.0,,,19276.0,13071.0,,6205.0,,,27961.0,,9988.0,13409.0,3465.0,,9944.0,3421.0,1845.0,,4084.0,1236.0,2848.0,,13889.0,-15119.0,113671.0,12729.0,12729.0,,4213.0,75574.0,75574.0,64413.0,4702.0,6459.0,7911.0,7911.0,3049.0,3049.0,,13244.0,,-1450.0,,,,,,139411.0,37945.0,100317.0,101466.0,101466.0,101466.0,,,,100317.0,0.84,0.84,120053.0,120053.0,226571.0,101466.0,102522.0,538.0,7911.0,101466.0,-1450.0,-1450.0,0.0,-394.4,,,,,1450.0,,,,,,,4862.0,,,
PACW,24,PACW,2017-06-30,277755.0,242473.0,259544.0,234618.0,,24689.0,237.0,,,17071.0,10205.0,,6866.0,,,35282.0,,14093.0,14093.0,3510.0,,10583.0,3884.0,1587.0,,3115.0,2466.0,649.0,,16487.0,-11499.0,116007.0,11811.0,11811.0,,3976.0,76481.0,76481.0,65288.0,4856.0,6337.0,8297.0,8297.0,3065.0,3065.0,,15442.0,,-1700.0,,,,,,148549.0,54902.0,92567.0,93647.0,93647.0,93647.0,,,,92567.0,0.77,0.77,119967.0,119967.0,230974.0,93647.0,94718.0,237.0,8297.0,93647.0,-1700.0,-1700.0,0.0,-629.0,,,,,1700.0,,,,,,,5232.0,,,
PACW,25,PACW,2017-03-31,267566.0,232452.0,247409.0,224178.0,,23039.0,192.0,,,14957.0,8377.0,,6580.0,,,35114.0,,14148.0,14148.0,3758.0,,10390.0,,,,613.0,-99.0,712.0,,20353.0,-24728.0,116044.0,11608.0,11608.0,,3378.0,76686.0,76686.0,64880.0,4791.0,7015.0,8689.0,8689.0,3064.0,3064.0,,15683.0,,-500.0,,,,,,126294.0,47626.0,77669.0,78668.0,78668.0,78668.0,,,,77669.0,0.65,0.65,119843.0,119843.0,207724.0,78668.0,78980.0,192.0,8689.0,78668.0,-500.0,-500.0,0.0,-188.5,,,,,500.0,,,,,,,5625.0,,,
PACW,26,PACW,2016-12-31,277200.0,248305.0,261773.0,238223.0,,23403.0,147.0,,,13468.0,7369.0,,6099.0,,,28895.0,,15593.0,15593.0,3557.0,,12036.0,,,,634.0,515.0,119.0,,12668.0,-23215.0,118622.0,12076.0,12076.0,,4880.0,76711.0,76711.0,66013.0,4124.0,6574.0,8467.0,8467.0,3176.0,3176.0,,16488.0,,0.0,,,,,,135363.0,49716.0,84643.0,85647.0,85647.0,85647.0,,,,84643.0,0.71,0.71,120014.0,120014.0,225090.0,85647.0,85647.0,147.0,8467.0,85647.0,0.0,0.0,0.0,0.0,,,,,0.0,,,,,,,5291.0,,,
KEY,5,KEY,2022-03-31,1637000.0,1014000.0,1080000.0,849000.0,849000.0,231000.0,,,,66000.0,14000.0,3000.0,49000.0,0.0,,623000.0,31000.0,401000.0,454000.0,238000.0,136000.0,,53000.0,,,,,,,28000.0,-83000.0,1015000.0,96000.0,73000.0,23000.0,,684000.0,656000.0,628000.0,,,,,,,,235000.0,,-2000.0,,,,6000.0,,537000.0,90000.0,421000.0,448000.0,448000.0,447000.0,,27000.0,,421000.0,0.46,0.45,922941.0,933634.0,931000.0,448000.0,448665.0,,40000.0,447000.0,-2000.0,-2000.0,0.0,-335.1955,,163000.0,,28000.0,2000.0,1000.0,,0.0,80000.0,28000.0,28000.0,,,,
KEY,6,KEY,2021-12-31,1872000.0,1033000.0,1103000.0,888000.0,888000.0,215000.0,,,,70000.0,15000.0,2000.0,53000.0,0.0,,839000.0,34000.0,387000.0,457000.0,236000.0,135000.0,,70000.0,,,,,,,95000.0,-4000.0,1100000.0,100000.0,75000.0,25000.0,,742000.0,705000.0,674000.0,,70000.0,14000.0,14000.0,14000.0,14000.0,,244000.0,,0.0,,,,5000.0,,768000.0,141000.0,603000.0,629000.0,629000.0,627000.0,,26000.0,,603000.0,0.65,0.64,922970.0,934729.0,1029000.0,629000.0,627000.0,,14000.0,627000.0,0.0,0.0,0.0,0.0,,323000.0,,37000.0,0.0,2000.0,,0.0,86000.0,31000.0,31000.0,,,,
KEY,7,KEY,2021-09-30,1757000.0,1016000.0,1087000.0,895000.0,895000.0,192000.0,,,,71000.0,15000.0,2000.0,54000.0,0.0,,741000.0,33000.0,411000.0,467000.0,227000.0,129000.0,,56000.0,,,,,,,62000.0,107000.0,1056000.0,99000.0,74000.0,25000.0,,702000.0,670000.0,640000.0,,56000.0,15000.0,15000.0,15000.0,15000.0,,240000.0,,0.0,,,,,,808000.0,165000.0,618000.0,645000.0,645000.0,643000.0,,27000.0,,618000.0,0.66,0.65,942446.0,952523.0,1123000.0,645000.0,643000.0,,15000.0,643000.0,0.0,0.0,0.0,0.0,,235000.0,,32000.0,0.0,2000.0,,0.0,111000.0,30000.0,30000.0,,,,
KEY,8,KEY,2021-06-30,1716000.0,1017000.0,1090000.0,899000.0,899000.0,191000.0,,,,73000.0,16000.0,3000.0,54000.0,0.0,,699000.0,30000.0,403000.0,454000.0,208000.0,133000.0,,51000.0,,,,,,,49000.0,222000.0,1025000.0,100000.0,75000.0,25000.0,,685000.0,654000.0,623000.0,,51000.0,14000.0,14000.0,14000.0,14000.0,,226000.0,,0.0,,,,,,913000.0,189000.0,703000.0,729000.0,729000.0,724000.0,,26000.0,,703000.0,0.73,0.73,961292.0,970806.0,1239000.0,729000.0,724000.0,,14000.0,724000.0,0.0,0.0,0.0,0.0,,217000.0,,31000.0,0.0,5000.0,,0.0,113000.0,31000.0,31000.0,,,,
KEY,9,KEY,2021-03-31,1693000.0,1005000.0,1087000.0,900000.0,900000.0,187000.0,,,,82000.0,21000.0,1000.0,60000.0,0.0,,688000.0,31000.0,406000.0,456000.0,218000.0,133000.0,,50000.0,,,,,,,89000.0,93000.0,1020000.0,101000.0,76000.0,25000.0,,683000.0,657000.0,623000.0,,50000.0,15000.0,15000.0,15000.0,15000.0,,221000.0,,-1000.0,,,,,,765000.0,147000.0,595000.0,622000.0,622000.0,618000.0,,27000.0,,595000.0,0.62,0.61,964878.0,974297.0,1098000.0,622000.0,618808.0,,15000.0,618000.0,-1000.0,-1000.0,0.0,-192.1569,,162000.0,,26000.0,1000.0,4000.0,,0.0,105000.0,34000.0,34000.0,,,,
KEY,10,KEY,2020-12-31,1783000.0,1035000.0,1125000.0,944000.0,944000.0,181000.0,,,,90000.0,28000.0,1000.0,61000.0,0.0,,748000.0,38000.0,386000.0,440000.0,220000.0,123000.0,,54000.0,,,,,,,81000.0,-20000.0,1052000.0,101000.0,75000.0,26000.0,54000.0,713000.0,683000.0,639000.0,9000.0,54000.0,15000.0,15000.0,15000.0,15000.0,,223000.0,,-22000.0,,,,2000.0,,689000.0,114000.0,556000.0,582000.0,582000.0,575000.0,,26000.0,,556000.0,0.57,0.57,967987.0,976460.0,1015000.0,582000.0,593360.0,,15000.0,575000.0,-22000.0,-22000.0,0.0,-3640.0,,243000.0,,30000.0,22000.0,7000.0,,0.0,97000.0,35000.0,35000.0,,,,
KEY,11,KEY,2020-09-30,1632000.0,1000000.0,1119000.0,945000.0,945000.0,174000.0,,,,119000.0,54000.0,1000.0,64000.0,0.0,,632000.0,30000.0,390000.0,439000.0,197000.0,128000.0,,49000.0,,,,,,,66000.0,-160000.0,987000.0,101000.0,76000.0,25000.0,49000.0,648000.0,626000.0,587000.0,6000.0,49000.0,15000.0,15000.0,15000.0,15000.0,,223000.0,,-1000.0,,,,,,484000.0,60000.0,401000.0,428000.0,428000.0,424000.0,,27000.0,,401000.0,0.41,0.41,967804.0,973988.0,840000.0,428000.0,424876.0,,15000.0,424000.0,-1000.0,-1000.0,0.0,-123.9669,,146000.0,,22000.0,1000.0,4000.0,,0.0,114000.0,33000.0,33000.0,,,,
KEY,12,KEY,2020-06-30,1661000.0,1018000.0,1190000.0,1001000.0,1001000.0,189000.0,,,,172000.0,96000.0,5000.0,71000.0,0.0,,643000.0,35000.0,359000.0,408000.0,194000.0,123000.0,,49000.0,,,,,,,93000.0,-482000.0,962000.0,96000.0,71000.0,25000.0,49000.0,636000.0,612000.0,570000.0,8000.0,49000.0,18000.0,18000.0,18000.0,18000.0,,212000.0,,-2000.0,,,,,,215000.0,30000.0,161000.0,187000.0,187000.0,185000.0,,26000.0,,161000.0,0.17,0.17,967147.0,972141.0,536000.0,187000.0,186721.0,,18000.0,185000.0,-2000.0,-2000.0,0.0,-279.0698,,156000.0,,24000.0,2000.0,2000.0,,0.0,91000.0,34000.0,34000.0,,,,
KEY,13,KEY,2020-03-31,1414000.0,981000.0,1251000.0,1045000.0,1045000.0,206000.0,,,1000.0,270000.0,169000.0,5000.0,90000.0,6000.0,,433000.0,36000.0,339000.0,383000.0,184000.0,133000.0,,44000.0,,,,,,,-58000.0,-359000.0,882000.0,100000.0,76000.0,24000.0,44000.0,576000.0,555000.0,510000.0,9000.0,44000.0,17000.0,17000.0,17000.0,17000.0,,189000.0,,-5000.0,,,,2000.0,,168000.0,23000.0,119000.0,146000.0,146000.0,145000.0,,27000.0,,119000.0,0.12,0.12,967446.0,976110.0,622000.0,146000.0,149315.0,,17000.0,145000.0,-5000.0,-5000.0,0.0,-684.5238,,116000.0,,21000.0,5000.0,1000.0,,0.0,66000.0,36000.0,36000.0,,,,
KEY,14,KEY,2019-12-31,1576000.0,979000.0,1285000.0,1063000.0,1063000.0,222000.0,,,2000.0,306000.0,201000.0,4000.0,100000.0,1000.0,,597000.0,39000.0,324000.0,378000.0,191000.0,120000.0,,54000.0,,,,,,,53000.0,-109000.0,926000.0,101000.0,76000.0,25000.0,54000.0,618000.0,591000.0,551000.0,8000.0,54000.0,19000.0,19000.0,19000.0,19000.0,,188000.0,,0.0,,,,-1000.0,,541000.0,75000.0,442000.0,469000.0,469000.0,466000.0,,27000.0,,442000.0,0.45,0.45,973450.0,984361.0,870000.0,469000.0,466000.0,,19000.0,466000.0,0.0,0.0,0.0,0.0,,181000.0,,27000.0,0.0,3000.0,,0.0,67000.0,32000.0,32000.0,,,,
KEY,15,KEY,2019-09-30,1579000.0,972000.0,1317000.0,1091000.0,1091000.0,226000.0,,,3000.0,345000.0,227000.0,4000.0,114000.0,0.0,,607000.0,32000.0,330000.0,373000.0,186000.0,118000.0,,43000.0,,,,,,,69000.0,-200000.0,893000.0,99000.0,72000.0,27000.0,43000.0,610000.0,584000.0,544000.0,7000.0,43000.0,26000.0,26000.0,26000.0,26000.0,,158000.0,,-3000.0,,,,,,483000.0,70000.0,386000.0,416000.0,416000.0,413000.0,,30000.0,,386000.0,0.39,0.39,988319.0,998328.0,772000.0,416000.0,415565.0,,26000.0,413000.0,-3000.0,-3000.0,0.0,-434.7826,,176000.0,,26000.0,3000.0,3000.0,,0.0,69000.0,33000.0,33000.0,,,,
KEY,16,KEY,2019-06-30,1558000.0,981000.0,1329000.0,1097000.0,1097000.0,232000.0,,,4000.0,348000.0,223000.0,5000.0,120000.0,0.0,,577000.0,33000.0,320000.0,365000.0,170000.0,122000.0,,45000.0,,,,,,,61000.0,-74000.0,945000.0,97000.0,73000.0,24000.0,45000.0,625000.0,601000.0,560000.0,9000.0,45000.0,22000.0,22000.0,22000.0,22000.0,,201000.0,,-29000.0,,,,,,510000.0,87000.0,405000.0,425000.0,425000.0,423000.0,,20000.0,,405000.0,0.4,0.4,999163.0,1007964.0,907000.0,425000.0,447053.0,,22000.0,423000.0,-29000.0,-29000.0,0.0,-4947.0,,163000.0,,24000.0,29000.0,2000.0,,0.0,73000.0,32000.0,32000.0,,,,
KEY,17,KEY,2019-03-31,1469000.0,977000.0,1304000.0,1079000.0,1079000.0,225000.0,,,4000.0,327000.0,202000.0,4000.0,120000.0,1000.0,,492000.0,32000.0,303000.0,347000.0,166000.0,115000.0,,44000.0,,,,,,,47000.0,-62000.0,901000.0,96000.0,72000.0,24000.0,44000.0,597000.0,578000.0,545000.0,7000.0,44000.0,22000.0,22000.0,22000.0,22000.0,,186000.0,,-18000.0,,,,-1000.0,,488000.0,82000.0,387000.0,407000.0,407000.0,406000.0,,20000.0,,387000.0,0.38,0.38,1006717.0,1016504.0,915000.0,407000.0,420975.0,,22000.0,406000.0,-18000.0,-18000.0,0.0,-3025.0,,110000.0,,19000.0,18000.0,1000.0,,0.0,66000.0,26000.0,26000.0,,,,
KEY,18,KEY,2018-12-31,1596000.0,1000000.0,1297000.0,1084000.0,1084000.0,213000.0,,,4000.0,297000.0,174000.0,4000.0,118000.0,1000.0,,596000.0,39000.0,310000.0,359000.0,170000.0,121000.0,,49000.0,,,,,,,61000.0,-59000.0,939000.0,101000.0,75000.0,26000.0,49000.0,618000.0,593000.0,552000.0,9000.0,49000.0,22000.0,22000.0,22000.0,22000.0,,198000.0,,-24000.0,166000.0,,,1000.0,,574000.0,92000.0,461000.0,484000.0,484000.0,482000.0,,23000.0,,461000.0,0.45,0.45,1018614.0,1030417.0,941000.0,484000.0,502153.0,,22000.0,482000.0,-24000.0,-24000.0,0.0,-3847.0,,186000.0,,25000.0,24000.0,2000.0,,0.0,68000.0,32000.0,32000.0,,,,
KEY,19,KEY,2018-09-30,1552000.0,986000.0,1239000.0,1037000.0,1037000.0,202000.0,,,6000.0,253000.0,140000.0,4000.0,108000.0,1000.0,,566000.0,34000.0,308000.0,351000.0,165000.0,117000.0,,43000.0,,,,,,,58000.0,-62000.0,920000.0,103000.0,76000.0,27000.0,43000.0,630000.0,604000.0,552000.0,21000.0,43000.0,23000.0,23000.0,23000.0,23000.0,,164000.0,,-1000.0,,,,,,569000.0,87000.0,468000.0,482000.0,482000.0,482000.0,,14000.0,,468000.0,0.45,0.45,1036479.0,1049976.0,924000.0,482000.0,482847.0,,23000.0,482000.0,-1000.0,-1000.0,0.0,-152.8998,,166000.0,,26000.0,1000.0,0.0,,0.0,69000.0,31000.0,31000.0,,,,
KEY,20,KEY,2018-06-30,1594000.0,979000.0,1205000.0,1016000.0,1016000.0,189000.0,,,5000.0,226000.0,112000.0,7000.0,102000.0,5000.0,,615000.0,32000.0,329000.0,380000.0,181000.0,128000.0,,51000.0,,,,,,,99000.0,-64000.0,932000.0,105000.0,79000.0,26000.0,51000.0,653000.0,627000.0,570000.0,21000.0,51000.0,25000.0,25000.0,25000.0,25000.0,,149000.0,,-16000.0,,,,,,582000.0,103000.0,464000.0,482000.0,482000.0,479000.0,,18000.0,,464000.0,0.44,0.44,1052652.0,1065793.0,915000.0,482000.0,492168.0,,25000.0,479000.0,-16000.0,-16000.0,0.0,-2832.0,,155000.0,,26000.0,16000.0,3000.0,,0.0,71000.0,36000.0,36000.0,,,,
KEY,21,KEY,2018-03-31,1504000.0,944000.0,1137000.0,952000.0,952000.0,185000.0,,,6000.0,193000.0,91000.0,6000.0,92000.0,4000.0,,560000.0,32000.0,332000.0,373000.0,178000.0,133000.0,,41000.0,,,,,,,53000.0,-61000.0,960000.0,104000.0,78000.0,26000.0,41000.0,662000.0,637000.0,589000.0,21000.0,41000.0,29000.0,29000.0,29000.0,29000.0,,165000.0,,-5000.0,,,,,,478000.0,62000.0,404000.0,418000.0,418000.0,416000.0,,14000.0,,404000.0,0.38,0.38,1056037.0,1071786.0,883000.0,418000.0,420351.0,,29000.0,416000.0,-5000.0,-5000.0,0.0,-648.5356,,143000.0,,25000.0,5000.0,2000.0,,0.0,62000.0,27000.0,27000.0,,,,
KEY,22,KEY,2017-12-31,1542000.0,938000.0,1114000.0,937000.0,937000.0,177000.0,,,5000.0,176000.0,82000.0,3000.0,91000.0,0.0,,604000.0,37000.0,325000.0,377000.0,169000.0,131000.0,,52000.0,,,3000.0,3000.0,,,39000.0,-49000.0,1042000.0,123000.0,92000.0,31000.0,52000.0,687000.0,652000.0,604000.0,20000.0,52000.0,26000.0,26000.0,26000.0,26000.0,,206000.0,,-4000.0,,,,8000.0,,447000.0,251000.0,182000.0,196000.0,197000.0,196000.0,,14000.0,,182000.0,0.17,0.17,1062348.0,1079330.0,889000.0,196000.0,197400.0,,26000.0,195000.0,-4000.0,-4000.0,0.0,-1600.0,,200000.0,,35000.0,4000.0,1000.0,,-1000.0,77000.0,28000.0,28000.0,,,,
KEY,23,KEY,2017-09-30,1491000.0,948000.0,1109000.0,945000.0,945000.0,164000.0,,,5000.0,161000.0,72000.0,3000.0,86000.0,0.0,,543000.0,31000.0,334000.0,383000.0,173000.0,135000.0,,49000.0,,,3000.0,3000.0,,,34000.0,-51000.0,938000.0,103000.0,74000.0,29000.0,49000.0,632000.0,598000.0,553000.0,21000.0,49000.0,25000.0,25000.0,25000.0,25000.0,,178000.0,,-5000.0,,,,,,497000.0,134000.0,350000.0,364000.0,364000.0,363000.0,,14000.0,,350000.0,0.32,0.32,1073390.0,1088841.0,897000.0,364000.0,366652.0,,25000.0,363000.0,-5000.0,-5000.0,0.0,-1348.0,,141000.0,,34000.0,5000.0,1000.0,,0.0,75000.0,24000.0,24000.0,,,,
KEY,24,KEY,2017-06-30,1581000.0,973000.0,1117000.0,957000.0,957000.0,160000.0,,,3000.0,144000.0,66000.0,4000.0,74000.0,0.0,,608000.0,33000.0,325000.0,370000.0,166000.0,134000.0,,45000.0,,,0.0,0.0,,,115000.0,-66000.0,944000.0,105000.0,78000.0,27000.0,45000.0,617000.0,587000.0,545000.0,21000.0,45000.0,22000.0,22000.0,22000.0,22000.0,,200000.0,,-6000.0,,,,,,565000.0,158000.0,398000.0,412000.0,412000.0,407000.0,,14000.0,,398000.0,0.37,0.36,1076203.0,1093039.0,907000.0,412000.0,411322.0,,22000.0,407000.0,-6000.0,-6000.0,0.0,-1678.0,,135000.0,,30000.0,6000.0,5000.0,,0.0,70000.0,21000.0,21000.0,,,,
KEY,25,KEY,2017-03-31,1449000.0,918000.0,1050000.0,890000.0,890000.0,160000.0,,,4000.0,132000.0,58000.0,5000.0,68000.0,1000.0,,531000.0,30000.0,319000.0,365000.0,165000.0,135000.0,,46000.0,,,1000.0,1000.0,,,54000.0,-63000.0,958000.0,114000.0,87000.0,27000.0,46000.0,607000.0,586000.0,547000.0,20000.0,46000.0,22000.0,22000.0,22000.0,22000.0,,215000.0,,-9000.0,,,,12000.0,,419000.0,94000.0,296000.0,324000.0,325000.0,325000.0,,28000.0,,296000.0,0.28,0.27,1068609.0,1086540.0,855000.0,324000.0,330981.0,,22000.0,324000.0,-9000.0,-9000.0,0.0,-2019.0,,127000.0,,21000.0,9000.0,0.0,,-1000.0,65000.0,19000.0,19000.0,,,,
KEY,26,KEY,2016-12-31,1478000.0,938000.0,1062000.0,909000.0,909000.0,153000.0,,,6000.0,124000.0,57000.0,3000.0,63000.0,1000.0,,540000.0,40000.0,285000.0,363000.0,171000.0,123000.0,,78000.0,,,4000.0,4000.0,,,54000.0,-66000.0,1129000.0,142000.0,112000.0,30000.0,78000.0,710000.0,675000.0,635000.0,23000.0,78000.0,27000.0,27000.0,27000.0,27000.0,,250000.0,,-13000.0,,,,43000.0,,270000.0,38000.0,209000.0,229000.0,228000.0,232000.0,,20000.0,,209000.0,0.2,0.19,1067771.0,1083717.0,872000.0,229000.0,244170.0,,27000.0,233000.0,-13000.0,-13000.0,0.0,-1830.0,,157000.0,,35000.0,13000.0,-4000.0,,1000.0,69000.0,17000.0,17000.0,,,,
COF,5,COF,2022-03-31,8173000.0,6397000.0,6784000.0,6367000.0,6367000.0,402000.0,,,15000.0,387000.0,218000.0,,169000.0,,,1776000.0,,1433000.0,1433000.0,1433000.0,,,,,,-18000.0,-18000.0,,,343000.0,-677000.0,4551000.0,513000.0,,,397000.0,2944000.0,2026000.0,2026000.0,,,14000.0,14000.0,14000.0,14000.0,,683000.0,,0.0,,,,,,2945000.0,542000.0,2318000.0,2403000.0,2403000.0,2403000.0,,57000.0,,2318000.0,5.65,5.62,410400.0,412200.0,5720000.0,2403000.0,2403000.0,,14000.0,2403000.0,0.0,0.0,0.0,0.0,,,,918000.0,,0.0,,,,,,,,,
COF,6,COF,2021-12-31,8118000.0,6450000.0,6831000.0,6451000.0,6451000.0,368000.0,,,12000.0,381000.0,222000.0,,159000.0,,,1668000.0,,1440000.0,1440000.0,1440000.0,,,,,,-4000.0,-4000.0,,,232000.0,-381000.0,4678000.0,527000.0,,,449000.0,2940000.0,1941000.0,1941000.0,,,13000.0,13000.0,13000.0,13000.0,,749000.0,,0.0,,,,,,3059000.0,633000.0,2296000.0,2425000.0,2425000.0,2426000.0,,74000.0,,2296000.0,5.43,5.41,422500.0,424300.0,6069000.0,2425000.0,2426000.0,,13000.0,2426000.0,0.0,0.0,0.0,0.0,,,,999000.0,,-1000.0,,,,,,,,,
COF,7,COF,2021-09-30,7830000.0,6156000.0,6538000.0,6205000.0,6205000.0,317000.0,,,16000.0,382000.0,228000.0,,154000.0,,,1674000.0,,1429000.0,1429000.0,1429000.0,,,,,,2000.0,2000.0,,,243000.0,342000.0,4141000.0,481000.0,,,358000.0,2603000.0,1852000.0,1852000.0,,319000.0,5000.0,5000.0,5000.0,5000.0,,694000.0,,-45000.0,,,,45000.0,,3986000.0,882000.0,2987000.0,3104000.0,3104000.0,3104000.0,,79000.0,,2987000.0,6.81,6.78,438800.0,440500.0,6498000.0,3104000.0,3139055.0,,5000.0,3104000.0,-45000.0,-45000.0,0.0,-9945.0,,,,751000.0,,0.0,,,,,,,,,
COF,8,COF,2021-06-30,7374000.0,5743000.0,6139000.0,5753000.0,5753000.0,370000.0,,,16000.0,396000.0,237000.0,,159000.0,,,1631000.0,,1400000.0,1400000.0,1400000.0,,,133000.0,,,0.0,0.0,,,231000.0,1160000.0,3911000.0,523000.0,,,341000.0,2401000.0,1781000.0,1781000.0,,315000.0,5000.0,5000.0,5000.0,5000.0,,641000.0,,-55000.0,,,,55000.0,,4568000.0,1031000.0,3446000.0,3536000.0,3536000.0,3537000.0,,60000.0,,3446000.0,7.65,7.62,450600.0,452300.0,6903000.0,3536000.0,3579570.0,,5000.0,3537000.0,-55000.0,-55000.0,0.0,-12430.0,,,,620000.0,,-1000.0,,,,,,,,,
COF,9,COF,2021-03-31,7113000.0,5822000.0,6261000.0,5854000.0,5854000.0,391000.0,,,16000.0,439000.0,269000.0,,170000.0,,,1291000.0,,1169000.0,1169000.0,1169000.0,,,136000.0,,,4000.0,4000.0,,,118000.0,823000.0,3740000.0,472000.0,,,292000.0,2348000.0,1847000.0,1847000.0,,302000.0,6000.0,6000.0,6000.0,6000.0,,622000.0,,-35000.0,,,,35000.0,,4196000.0,869000.0,3236000.0,3325000.0,3325000.0,3327000.0,,61000.0,,3236000.0,7.06,7.03,458600.0,460100.0,6645000.0,3325000.0,3327000.0,,6000.0,3327000.0,-35000.0,-35000.0,0.0,0.0,,,,501000.0,,-2000.0,,,,,,,,,
COF,10,COF,2020-12-31,7300000.0,5873000.0,6391000.0,5954000.0,5954000.0,422000.0,,,15000.0,518000.0,347000.0,,171000.0,,,1427000.0,,1156000.0,1156000.0,1156000.0,,,125000.0,,,0.0,0.0,,,271000.0,-264000.0,4003000.0,572000.0,,,394000.0,2318000.0,1755000.0,1755000.0,,295000.0,8000.0,8000.0,8000.0,8000.0,,711000.0,,31000.0,,,,-31000.0,,3064000.0,496000.0,2462000.0,2566000.0,2566000.0,2568000.0,,68000.0,,2462000.0,5.36,5.35,459100.0,460200.0,5609000.0,2566000.0,2542022.0,,8000.0,2568000.0,31000.0,31000.0,0.0,5022.0,,,,563000.0,,-2000.0,,,,,,,,,
COF,11,COF,2020-09-30,7345000.0,5555000.0,6215000.0,5758000.0,5758000.0,443000.0,,,14000.0,660000.0,476000.0,,184000.0,,,1790000.0,,1095000.0,1095000.0,1095000.0,,,143000.0,,,25000.0,25000.0,,,670000.0,-331000.0,3502000.0,506000.0,,,327000.0,2002000.0,1719000.0,1719000.0,,310000.0,14000.0,14000.0,14000.0,14000.0,,653000.0,,-10000.0,,,,10000.0,,3502000.0,1096000.0,2319000.0,2406000.0,2406000.0,2406000.0,,67000.0,,2319000.0,5.07,5.06,457800.0,458500.0,5224000.0,2406000.0,2412870.0,,14000.0,2406000.0,-10000.0,-10000.0,0.0,-3130.0,,,,283000.0,,0.0,,,,,,,,,
COF,12,COF,2020-06-30,6556000.0,5460000.0,6318000.0,5820000.0,5820000.0,482000.0,,,16000.0,858000.0,611000.0,,247000.0,,,1096000.0,,930000.0,930000.0,930000.0,,,142000.0,,,0.0,0.0,,,166000.0,-4246000.0,3494000.0,523000.0,,,304000.0,1977000.0,1704000.0,1704000.0,,308000.0,16000.0,16000.0,16000.0,16000.0,,674000.0,,-276000.0,,,,276000.0,,-1460000.0,-543000.0,-1009000.0,-918000.0,-918000.0,-917000.0,,90000.0,,-1009000.0,-2.21,-2.21,456700.0,456700.0,1214000.0,-918000.0,-743672.0,,16000.0,-917000.0,-276000.0,-276000.0,0.0,-102672.0,,,,273000.0,,-1000.0,,,,,,,,,
COF,13,COF,2020-03-31,7249000.0,6025000.0,7109000.0,6542000.0,6542000.0,530000.0,,,37000.0,1084000.0,731000.0,,353000.0,,,1224000.0,,1079000.0,1079000.0,1079000.0,,,180000.0,,,0.0,0.0,,,145000.0,-5423000.0,3680000.0,517000.0,,,287000.0,2118000.0,1627000.0,1627000.0,,302000.0,22000.0,22000.0,22000.0,22000.0,,736000.0,,-49000.0,,,,49000.0,,-1903000.0,-563000.0,-1420000.0,-1340000.0,-1340000.0,-1340000.0,,55000.0,,-1420000.0,-3.1,-3.1,457600.0,457600.0,602000.0,-1340000.0,-1305504.0,,22000.0,-1340000.0,-49000.0,-49000.0,0.0,-14504.0,,,,491000.0,,0.0,,,,,,,,,
COF,14,COF,2019-12-31,7427000.0,6066000.0,7270000.0,6682000.0,6682000.0,544000.0,,,44000.0,1204000.0,832000.0,,372000.0,,,1361000.0,,1153000.0,1153000.0,1153000.0,,,198000.0,,,-18000.0,-18000.0,,,226000.0,-1818000.0,4097000.0,565000.0,,,318000.0,2369000.0,1659000.0,1652000.0,7000.0,346000.0,28000.0,28000.0,28000.0,28000.0,,817000.0,,-64000.0,,,,16000.0,,1448000.0,270000.0,1041000.0,1176000.0,1176000.0,1178000.0,,97000.0,,1041000.0,2.26,2.25,460900.0,463400.0,4248000.0,1176000.0,1230096.0,,28000.0,1178000.0,-64000.0,-64000.0,0.0,-11904.0,,,,710000.0,48000.0,-2000.0,,,,,,,,,
COF,15,COF,2019-09-30,6959000.0,5737000.0,7075000.0,6429000.0,6429000.0,583000.0,,,63000.0,1338000.0,901000.0,,437000.0,,,1222000.0,,1073000.0,1073000.0,1073000.0,,,200000.0,,,5000.0,5000.0,,,144000.0,-1383000.0,3554000.0,519000.0,,,314000.0,2133000.0,1632000.0,1605000.0,27000.0,312000.0,25000.0,25000.0,25000.0,25000.0,,563000.0,,-318000.0,,,,234000.0,,1704000.0,375000.0,1270000.0,1333000.0,1333000.0,1329000.0,,53000.0,,1270000.0,2.71,2.69,469500.0,471800.0,4354000.0,1333000.0,1576722.0,,25000.0,1329000.0,-318000.0,-318000.0,0.0,-70278.0,,,,501000.0,84000.0,4000.0,,,,,,,,,
COF,16,COF,2019-06-30,7124000.0,5746000.0,7076000.0,6383000.0,6383000.0,629000.0,,,64000.0,1330000.0,870000.0,,460000.0,,,1378000.0,,1172000.0,1172000.0,1172000.0,,,182000.0,,,15000.0,15000.0,,,191000.0,-1342000.0,3697000.0,521000.0,,,314000.0,2104000.0,1558000.0,1558000.0,,329000.0,29000.0,29000.0,29000.0,29000.0,,729000.0,,-82000.0,,,,97000.0,,2003000.0,387000.0,1533000.0,1625000.0,1625000.0,1616000.0,,80000.0,,1533000.0,3.26,3.24,470800.0,473000.0,4404000.0,1625000.0,1682174.0,,29000.0,1616000.0,-82000.0,-82000.0,0.0,-15826.0,,,,546000.0,82000.0,9000.0,,,,,,,,,
COF,17,COF,2019-03-31,7083000.0,5791000.0,7092000.0,6368000.0,6368000.0,655000.0,,,69000.0,1301000.0,817000.0,,484000.0,,,1292000.0,,1111000.0,1111000.0,1111000.0,,,182000.0,,,24000.0,24000.0,,,157000.0,-1693000.0,3646000.0,493000.0,,,291000.0,2090000.0,1573000.0,1573000.0,,303000.0,30000.0,30000.0,30000.0,30000.0,,742000.0,,-25000.0,,,,103000.0,,1719000.0,309000.0,1348000.0,1412000.0,1412000.0,1410000.0,,52000.0,,1348000.0,2.87,2.86,469400.0,471600.0,4098000.0,1412000.0,1430500.0,,30000.0,1410000.0,-25000.0,-25000.0,0.0,-4500.0,,,,517000.0,25000.0,2000.0,,,,,,,,,
COF,18,COF,2018-12-31,6939000.0,5820000.0,7048000.0,6358000.0,6358000.0,627000.0,,,63000.0,1228000.0,756000.0,,472000.0,,,1119000.0,,1095000.0,1095000.0,1095000.0,,,205000.0,,,-20000.0,-20000.0,,,44000.0,-1638000.0,4082000.0,610000.0,,,426000.0,2176000.0,1345000.0,1345000.0,,326000.0,43000.0,43000.0,43000.0,43000.0,,827000.0,,24000.0,74000.0,,,50000.0,,1243000.0,-21000.0,1172000.0,1261000.0,1261000.0,1264000.0,,80000.0,,1172000.0,2.49,2.48,470000.0,472700.0,4182000.0,1261000.0,1246480.0,,43000.0,1264000.0,24000.0,24000.0,0.0,6480.0,,,,831000.0,0.0,-3000.0,,,,,,,,,
COF,19,COF,2018-09-30,6962000.0,5786000.0,6895000.0,6247000.0,6247000.0,593000.0,,,55000.0,1109000.0,681000.0,,428000.0,,,1176000.0,,1124000.0,1124000.0,1124000.0,,,252000.0,,,-196000.0,-196000.0,,,248000.0,-1268000.0,3914000.0,515000.0,,,275000.0,1936000.0,1432000.0,1432000.0,,311000.0,44000.0,44000.0,44000.0,44000.0,,1144000.0,,141000.0,141000.0,,,170000.0,,1921000.0,420000.0,1440000.0,1502000.0,1502000.0,1501000.0,,53000.0,,1440000.0,3.01,2.99,477800.0,480900.0,4518000.0,1502000.0,1390879.0,,44000.0,1501000.0,141000.0,141000.0,0.0,30879.0,,,,504000.0,,1000.0,,,,,,,,,
COF,20,COF,2018-06-30,7192000.0,5551000.0,6596000.0,5989000.0,5989000.0,539000.0,,,68000.0,1045000.0,622000.0,,423000.0,,,1641000.0,,1114000.0,1114000.0,1114000.0,,,169000.0,,,-1000.0,-1000.0,,,528000.0,-1276000.0,3409000.0,503000.0,,,234000.0,1855000.0,1430000.0,1430000.0,,317000.0,43000.0,43000.0,43000.0,43000.0,,774000.0,,-15000.0,,,,89000.0,,2492000.0,575000.0,1814000.0,1906000.0,1906000.0,1917000.0,,80000.0,,1814000.0,3.74,3.71,485100.0,488300.0,4275000.0,1906000.0,1928535.0,,43000.0,1917000.0,-15000.0,-15000.0,0.0,-3465.0,,,,425000.0,15000.0,-11000.0,,,,,,,,,
COF,21,COF,2018-03-31,6909000.0,5718000.0,6637000.0,6134000.0,6134000.0,452000.0,,,51000.0,919000.0,539000.0,,380000.0,,,1191000.0,,1075000.0,1075000.0,1075000.0,,,277000.0,,,8000.0,8000.0,,,108000.0,-1674000.0,3554000.0,490000.0,,,210000.0,1934000.0,1520000.0,1520000.0,,306000.0,44000.0,44000.0,44000.0,44000.0,,876000.0,,-19000.0,,,,97000.0,,1662000.0,319000.0,1284000.0,1346000.0,1346000.0,1343000.0,,52000.0,,1284000.0,2.64,2.62,486900.0,490800.0,4044000.0,1346000.0,1358352.0,,44000.0,1343000.0,-19000.0,-19000.0,0.0,-3648.0,,,,414000.0,19000.0,3000.0,,,,,,,,,
COF,22,COF,2017-12-31,7013000.0,5813000.0,6604000.0,6133000.0,6133000.0,431000.0,,,40000.0,791000.0,457000.0,,334000.0,,,1200000.0,,1059000.0,1059000.0,1059000.0,,,286000.0,,,1000.0,1000.0,,,140000.0,-1926000.0,3672000.0,523000.0,,,274000.0,1981000.0,1521000.0,1521000.0,,306000.0,61000.0,61000.0,61000.0,61000.0,,833000.0,,-107000.0,,,,31000.0,,1308000.0,2170000.0,-1052000.0,-971000.0,-971000.0,-862000.0,,80000.0,,-1052000.0,-2.17,-2.17,485700.0,485700.0,3887000.0,-971000.0,-797800.0,,61000.0,-862000.0,-107000.0,-107000.0,0.0,-42800.0,,,,460000.0,76000.0,-109000.0,,,,,,,,,
COF,23,COF,2017-09-30,6985000.0,5700000.0,6420000.0,5960000.0,5960000.0,431000.0,,,29000.0,720000.0,410000.0,,310000.0,,,1285000.0,,1076000.0,1076000.0,1076000.0,,,249000.0,,,68000.0,68000.0,,,141000.0,-1833000.0,3442000.0,471000.0,,,297000.0,1903000.0,1524000.0,1524000.0,,294000.0,61000.0,61000.0,61000.0,61000.0,,710000.0,,-125000.0,,,,89000.0,,1585000.0,448000.0,1047000.0,1107000.0,1107000.0,1137000.0,,52000.0,,1047000.0,2.16,2.14,484900.0,489000.0,3867000.0,1107000.0,1226625.0,,61000.0,1137000.0,-125000.0,-125000.0,0.0,-35375.0,,,,379000.0,125000.0,-30000.0,,,,,,,,,
COF,24,COF,2017-06-30,6704000.0,5473000.0,6128000.0,5669000.0,5669000.0,433000.0,,,26000.0,655000.0,382000.0,,273000.0,,,1231000.0,,1094000.0,1094000.0,1094000.0,,,234000.0,,,-4000.0,-4000.0,,,141000.0,-1800000.0,3402000.0,474000.0,,,279000.0,1818000.0,1383000.0,1383000.0,,289000.0,61000.0,61000.0,61000.0,61000.0,,770000.0,,-12000.0,,,,78000.0,,1490000.0,443000.0,948000.0,1036000.0,1036000.0,1047000.0,,80000.0,,948000.0,1.96,1.94,484000.0,488100.0,3673000.0,1036000.0,1055436.0,,61000.0,1047000.0,-12000.0,-12000.0,0.0,-3564.0,,,,435000.0,12000.0,-11000.0,,,,,,,,,
COF,25,COF,2017-03-31,6535000.0,5474000.0,6070000.0,5626000.0,5626000.0,416000.0,,,28000.0,596000.0,353000.0,,243000.0,,,1061000.0,,941000.0,941000.0,941000.0,,,221000.0,,,0.0,0.0,,,120000.0,-1992000.0,3434000.0,471000.0,,,247000.0,1867000.0,1471000.0,1471000.0,,288000.0,62000.0,62000.0,62000.0,62000.0,,787000.0,,-78000.0,,,,78000.0,,1109000.0,314000.0,752000.0,810000.0,810000.0,795000.0,,53000.0,,752000.0,1.56,1.54,482300.0,487900.0,3482000.0,810000.0,795000.0,,62000.0,795000.0,-78000.0,-78000.0,0.0,0.0,,,,396000.0,,15000.0,,,,,,,,,
COF,26,COF,2016-12-31,6566000.0,5447000.0,6009000.0,5587000.0,5587000.0,393000.0,,,29000.0,562000.0,332000.0,,230000.0,,,1119000.0,,1036000.0,1036000.0,1036000.0,,,220000.0,,,-4000.0,-4000.0,,,87000.0,-1752000.0,3607000.0,522000.0,,,312000.0,1911000.0,1336000.0,1336000.0,,297000.0,101000.0,101000.0,101000.0,101000.0,,761000.0,,-72000.0,,28000.0,,44000.0,,1135000.0,342000.0,710000.0,791000.0,791000.0,793000.0,,75000.0,,710000.0,1.47,1.45,483500.0,489200.0,3695000.0,791000.0,843328.0,,101000.0,793000.0,-72000.0,-72000.0,0.0,-21672.0,,,,575000.0,,-2000.0,,,,,,,,,
TD,6,TD,2022-01-31,11168000.0,6302000.0,7522000.0,6011000.0,6011000.0,1442000.0,69000.0,,431000.0,1220000.0,776000.0,,199000.0,,245000.0,4866000.0,1317000.0,3331000.0,3444000.0,2737000.0,,,113000.0,431000.0,,0.0,0.0,,,104000.0,-72000.0,6560000.0,844000.0,400000.0,444000.0,440000.0,4034000.0,4034000.0,3278000.0,756000.0,287000.0,160000.0,160000.0,160000.0,160000.0,,1082000.0,,-50000.0,,,,,,4486000.0,984000.0,3690000.0,3733000.0,3733000.0,3733000.0,,43000.0,,3690000.0,2.03,2.02,1820500.0,1824100.0,6230000.0,3733000.0,3772050.0,69000.0,435000.0,3733000.0,-50000.0,-50000.0,0.0,-10950.0,,,114000.0,287000.0,50000.0,,,,707000.0,,,,,,231000.0
TD,7,TD,2021-10-31,10829000.0,6262000.0,7439000.0,6009000.0,6009000.0,1354000.0,76000.0,,394000.0,1177000.0,776000.0,,181000.0,,220000.0,4567000.0,1248000.0,3189000.0,3301000.0,2650000.0,,,112000.0,394000.0,,-101000.0,-101000.0,,,243000.0,123000.0,6515000.0,889000.0,440000.0,449000.0,568000.0,3701000.0,3701000.0,3051000.0,650000.0,378000.0,179000.0,179000.0,179000.0,179000.0,,1178000.0,,30000.0,,,,,,4467000.0,910000.0,3718000.0,3781000.0,3781000.0,3781000.0,,63000.0,,3718000.0,,,,,6385000.0,3781000.0,3757111.0,76000.0,475000.0,3781000.0,30000.0,30000.0,0.0,6111.0,,,-12000.0,378000.0,-80000.0,,,,651000.0,,,,,,224000.0
TD,8,TD,2021-07-31,10603000.0,6004000.0,7306000.0,5933000.0,5933000.0,1299000.0,74000.0,,362000.0,1302000.0,871000.0,,190000.0,,241000.0,4599000.0,1313000.0,3114000.0,3223000.0,2591000.0,,,109000.0,362000.0,,111000.0,111000.0,,,77000.0,37000.0,6314000.0,827000.0,409000.0,418000.0,390000.0,3882000.0,3882000.0,3046000.0,836000.0,286000.0,174000.0,174000.0,174000.0,174000.0,,1041000.0,,-29000.0,,,,,,4297000.0,922000.0,3489000.0,3545000.0,3545000.0,3545000.0,,56000.0,,3489000.0,1.92,1.92,1818800.0,1821800.0,6041000.0,3545000.0,3567765.0,74000.0,469000.0,3545000.0,-29000.0,-29000.0,0.0,-6235.0,,,-16000.0,286000.0,29000.0,,,,632000.0,,,,,,170000.0
TD,9,TD,2021-04-30,10120000.0,5835000.0,7226000.0,5827000.0,5827000.0,1318000.0,81000.0,,443000.0,1391000.0,964000.0,,176000.0,,251000.0,4285000.0,1088000.0,2984000.0,3092000.0,2535000.0,,,108000.0,443000.0,,-231000.0,-231000.0,,,375000.0,377000.0,6026000.0,911000.0,488000.0,423000.0,349000.0,3566000.0,3566000.0,3125000.0,441000.0,272000.0,173000.0,173000.0,173000.0,173000.0,,1027000.0,,-36000.0,,,,,,4435000.0,962000.0,3630000.0,3695000.0,3695000.0,3695000.0,,65000.0,,3630000.0,2.0,1.99,1817400.0,1819900.0,6212000.0,3695000.0,3723191.0,81000.0,543000.0,3695000.0,-36000.0,-36000.0,0.0,-7809.0,,,69000.0,,36000.0,,,,557000.0,,,,,,222000.0
TD,10,TD,2021-01-31,10714000.0,6030000.0,7610000.0,6190000.0,6190000.0,1344000.0,76000.0,,395000.0,1580000.0,1131000.0,,170000.0,,279000.0,4684000.0,1228000.0,3008000.0,3106000.0,2511000.0,,,98000.0,395000.0,,62000.0,62000.0,,,114000.0,-313000.0,6404000.0,949000.0,545000.0,404000.0,313000.0,3936000.0,3936000.0,3156000.0,780000.0,267000.0,180000.0,180000.0,180000.0,180000.0,,1026000.0,,-62000.0,,,,,,3935000.0,827000.0,3212000.0,3277000.0,3277000.0,3277000.0,,65000.0,,3212000.0,1.77,1.77,1814200.0,1815800.0,5717000.0,3277000.0,3325980.0,76000.0,579000.0,3277000.0,-62000.0,-62000.0,0.0,-13020.0,,,272000.0,267000.0,62000.0,,,,595000.0,,,,,,169000.0
TD,11,TD,2020-10-31,11750000.0,6367000.0,7764000.0,6278000.0,6278000.0,1416000.0,70000.0,,404000.0,1397000.0,891000.0,,169000.0,,337000.0,5383000.0,1130000.0,2800000.0,2894000.0,2328000.0,,,94000.0,404000.0,,16000.0,16000.0,,,1191000.0,-917000.0,6228000.0,1002000.0,640000.0,362000.0,347000.0,3735000.0,3511000.0,2881000.0,630000.0,,207000.0,207000.0,207000.0,207000.0,,937000.0,,-17000.0,,,,,,4588000.0,-202000.0,5079000.0,5143000.0,5143000.0,5143000.0,,64000.0,,5079000.0,2.8,2.8,1812700.0,1813900.0,5450000.0,5143000.0,5155495.0,70000.0,636000.0,5143000.0,-17000.0,-17000.0,0.0,-4505.0,,,246000.0,224000.0,17000.0,,,0.0,566000.0,,,,,,353000.0
TD,12,TD,2020-07-31,11032000.0,6483000.0,8066000.0,6527000.0,6527000.0,1484000.0,55000.0,,359000.0,1583000.0,1053000.0,,185000.0,,345000.0,4549000.0,1177000.0,2667000.0,2756000.0,2298000.0,,,89000.0,359000.0,,231000.0,231000.0,,,-456000.0,-2188000.0,6454000.0,771000.0,450000.0,321000.0,248000.0,4007000.0,3855000.0,3050000.0,805000.0,,203000.0,203000.0,203000.0,203000.0,,1225000.0,,-25000.0,,,,,,2365000.0,445000.0,2180000.0,2248000.0,2248000.0,2248000.0,,68000.0,,2180000.0,1.21,1.21,1802300.0,1803500.0,4295000.0,2248000.0,2268300.0,55000.0,503000.0,2248000.0,-25000.0,-25000.0,0.0,-4700.0,,,474000.0,152000.0,25000.0,,,0.0,458000.0,,,,,,328000.0
TD,13,TD,2020-04-30,10434000.0,6460000.0,9423000.0,7324000.0,7324000.0,1994000.0,105000.0,,416000.0,2963000.0,2146000.0,,201000.0,,616000.0,3974000.0,1127000.0,2775000.0,2869000.0,2359000.0,,,94000.0,416000.0,,-186000.0,-186000.0,,,-110000.0,-3218000.0,5675000.0,783000.0,462000.0,321000.0,284000.0,3768000.0,3598000.0,2927000.0,671000.0,,205000.0,205000.0,205000.0,205000.0,,635000.0,,-23000.0,,,,,,1518000.0,250000.0,1447000.0,1515000.0,1515000.0,1515000.0,,68000.0,,1447000.0,0.8,0.8,1803000.0,1804400.0,3242000.0,1515000.0,1534212.0,105000.0,509000.0,1515000.0,-23000.0,-23000.0,0.0,-3788.0,,,368000.0,170000.0,23000.0,,,0.0,510000.0,,,,,,247000.0
TD,14,TD,2020-01-31,10680000.0,6301000.0,10394000.0,8022000.0,8022000.0,2252000.0,120000.0,,535000.0,4093000.0,3073000.0,,234000.0,,786000.0,4379000.0,1131000.0,2884000.0,2969000.0,2349000.0,,,85000.0,535000.0,,48000.0,48000.0,,,-156000.0,-919000.0,6299000.0,721000.0,438000.0,283000.0,265000.0,4007000.0,3813000.0,3033000.0,780000.0,,202000.0,202000.0,202000.0,202000.0,,1104000.0,,-19000.0,,,,,,3443000.0,659000.0,2922000.0,2989000.0,2989000.0,2989000.0,,67000.0,,2922000.0,1.61,1.61,1810900.0,1813600.0,5382000.0,2989000.0,3004363.0,120000.0,493000.0,2989000.0,-19000.0,-19000.0,0.0,-3637.0,,,316000.0,194000.0,19000.0,,,0.0,620000.0,,,,,,205000.0
TD,15,TD,2019-10-31,10254000.0,6175000.0,10538000.0,8117000.0,8117000.0,2295000.0,126000.0,,447000.0,4363000.0,3313000.0,,228000.0,,822000.0,4079000.0,1124000.0,2803000.0,2889000.0,2311000.0,,,86000.0,447000.0,,-52000.0,-52000.0,,,-33000.0,-891000.0,5978000.0,793000.0,475000.0,318000.0,379000.0,3655000.0,3449000.0,2744000.0,705000.0,,211000.0,211000.0,211000.0,211000.0,,940000.0,,-184000.0,,,,,,3201000.0,646000.0,2788000.0,2856000.0,2856000.0,2856000.0,,68000.0,,2788000.0,1.54,1.54,1811700.0,1814500.0,5284000.0,2856000.0,3002832.0,126000.0,377000.0,2856000.0,-184000.0,-184000.0,0.0,-37168.0,,,237000.0,206000.0,184000.0,,,0.0,578000.0,,,,,,301000.0
TD,16,TD,2019-07-31,10415000.0,6024000.0,10644000.0,8161000.0,8161000.0,2304000.0,179000.0,,383000.0,4620000.0,3489000.0,,223000.0,,908000.0,4391000.0,1088000.0,2828000.0,2912000.0,2282000.0,,,84000.0,383000.0,,62000.0,62000.0,,,15000.0,-655000.0,5949000.0,732000.0,446000.0,286000.0,296000.0,3758000.0,3561000.0,2849000.0,712000.0,,195000.0,195000.0,195000.0,195000.0,,968000.0,,-53000.0,,,,,,3758000.0,813000.0,3186000.0,3248000.0,3248000.0,3248000.0,,62000.0,,3186000.0,1.75,1.74,1825300.0,1828600.0,5369000.0,3248000.0,3289534.0,179000.0,345000.0,3248000.0,-53000.0,-53000.0,0.0,-11466.0,,,398000.0,197000.0,53000.0,,,0.0,630000.0,,,,,,303000.0
TD,17,TD,2019-04-30,10145000.0,5872000.0,10273000.0,7745000.0,7745000.0,2338000.0,190000.0,,384000.0,4401000.0,3349000.0,,222000.0,,830000.0,4273000.0,1035000.0,2803000.0,2886000.0,2272000.0,,,83000.0,384000.0,,161000.0,161000.0,,,37000.0,-633000.0,5808000.0,736000.0,454000.0,282000.0,320000.0,3673000.0,3467000.0,2799000.0,668000.0,,199000.0,199000.0,199000.0,199000.0,,880000.0,,-25000.0,,,,,,3679000.0,773000.0,3110000.0,3172000.0,3172000.0,3172000.0,,62000.0,,3110000.0,1.7,1.7,1826600.0,1830000.0,5239000.0,3172000.0,3191747.0,190000.0,344000.0,3172000.0,-25000.0,-25000.0,0.0,-5253.0,,,237000.0,206000.0,25000.0,,,0.0,614000.0,,,,,,266000.0
TD,18,TD,2019-01-31,9915000.0,5860000.0,10544000.0,7902000.0,7902000.0,2454000.0,188000.0,,334000.0,4684000.0,3524000.0,,246000.0,,914000.0,4055000.0,1035000.0,2741000.0,2824000.0,2181000.0,,,83000.0,334000.0,,36000.0,36000.0,,,68000.0,-850000.0,5837000.0,739000.0,460000.0,279000.0,327000.0,3714000.0,3554000.0,2852000.0,702000.0,,195000.0,195000.0,195000.0,195000.0,,862000.0,,-637000.0,,,,,,2591000.0,503000.0,2332000.0,2392000.0,2410000.0,2410000.0,,60000.0,,2332000.0,1.27,1.27,1833100.0,1836200.0,5010000.0,2392000.0,2905337.0,188000.0,339000.0,2392000.0,-637000.0,-637000.0,0.0,-123663.0,,,175000.0,160000.0,637000.0,,,-18000.0,643000.0,,,,,,322000.0
TD,19,TD,2018-10-31,10045000.0,5756000.0,9994000.0,7519000.0,7519000.0,2281000.0,194000.0,,375000.0,4238000.0,3126000.0,,238000.0,,874000.0,4289000.0,1047000.0,2715000.0,2792000.0,2184000.0,,,77000.0,375000.0,,10000.0,10000.0,,,195000.0,-670000.0,5934000.0,728000.0,452000.0,276000.0,421000.0,3621000.0,3364000.0,2680000.0,684000.0,,217000.0,217000.0,217000.0,217000.0,,947000.0,,-25000.0,,,,,,3416000.0,691000.0,2891000.0,2942000.0,2960000.0,2960000.0,,51000.0,,2891000.0,1.58,1.58,1826500.0,1830500.0,5086000.0,2942000.0,2961950.0,194000.0,366000.0,2942000.0,-25000.0,-25000.0,0.0,-5050.0,,,322000.0,257000.0,25000.0,,,-18000.0,608000.0,,,,,,235000.0
TD,20,TD,2018-07-31,9814000.0,5655000.0,9511000.0,7184000.0,7184000.0,2130000.0,197000.0,,346000.0,3856000.0,2850000.0,,231000.0,,775000.0,4159000.0,1030000.0,2792000.0,2863000.0,2240000.0,,,71000.0,346000.0,,11000.0,11000.0,,,201000.0,-561000.0,5620000.0,721000.0,434000.0,287000.0,313000.0,3473000.0,3267000.0,2640000.0,627000.0,,186000.0,186000.0,186000.0,186000.0,,927000.0,,-53000.0,,,,,,3580000.0,705000.0,3028000.0,3087000.0,3105000.0,3105000.0,,59000.0,,3028000.0,1.65,1.65,1830000.0,1834000.0,5094000.0,3087000.0,3129563.0,197000.0,336000.0,3087000.0,-53000.0,-53000.0,0.0,-10437.0,,,125000.0,206000.0,53000.0,,,-18000.0,623000.0,,,,,,230000.0
TD,21,TD,2018-04-30,9391000.0,5398000.0,8609000.0,6618000.0,6618000.0,1808000.0,183000.0,,267000.0,3211000.0,2404000.0,,223000.0,,584000.0,3993000.0,1024000.0,2523000.0,2599000.0,2049000.0,,,76000.0,267000.0,,-28000.0,-28000.0,,,156000.0,-556000.0,5234000.0,702000.0,437000.0,265000.0,262000.0,3239000.0,3055000.0,2497000.0,558000.0,,216000.0,216000.0,216000.0,216000.0,,815000.0,,-70000.0,,,,,,3531000.0,746000.0,2846000.0,2898000.0,2916000.0,2916000.0,,52000.0,,2846000.0,1.54,1.54,1843600.0,1847500.0,4842000.0,2898000.0,2953211.0,183000.0,356000.0,2898000.0,-70000.0,-70000.0,0.0,-14789.0,,,318000.0,184000.0,70000.0,,,-18000.0,550000.0,,,,,,131000.0
TD,22,TD,2018-01-31,9278000.0,5430000.0,8308000.0,6469000.0,6469000.0,1700000.0,139000.0,,246000.0,2878000.0,2109000.0,,231000.0,,538000.0,3848000.0,944000.0,2622000.0,2704000.0,2109000.0,,,82000.0,246000.0,,-59000.0,-59000.0,,,54000.0,-693000.0,5221000.0,687000.0,442000.0,245000.0,251000.0,3291000.0,3135000.0,2560000.0,575000.0,,196000.0,196000.0,196000.0,196000.0,,796000.0,,-118000.0,,,,,,3246000.0,1040000.0,2283000.0,2335000.0,2353000.0,2353000.0,,52000.0,,2283000.0,1.24,1.24,1841700.0,1846200.0,4737000.0,2335000.0,2415193.0,139000.0,333000.0,2335000.0,-118000.0,-118000.0,0.0,-37807.0,,,287000.0,156000.0,118000.0,,,-18000.0,595000.0,,,,,,147000.0
TD,23,TD,2017-10-31,8992000.0,5330000.0,7886000.0,6258000.0,6258000.0,1487000.0,141000.0,,212000.0,2556000.0,1858000.0,,236000.0,,462000.0,3662000.0,943000.0,2517000.0,2591000.0,2031000.0,,,74000.0,212000.0,,41000.0,41000.0,,,20000.0,-578000.0,5327000.0,694000.0,442000.0,252000.0,324000.0,3245000.0,3042000.0,2427000.0,615000.0,,186000.0,186000.0,186000.0,186000.0,,878000.0,,162000.0,,,,,,3249000.0,640000.0,2627000.0,2677000.0,2712000.0,2712000.0,,50000.0,,2627000.0,1.42,1.42,1845800.0,1849900.0,4752000.0,2677000.0,2546914.0,141000.0,332000.0,2677000.0,162000.0,162000.0,0.0,31914.0,,,141000.0,203000.0,-162000.0,,,-35000.0,560000.0,,,,,,103000.0
TD,24,TD,2017-07-31,9210000.0,5267000.0,7624000.0,6045000.0,6045000.0,1464000.0,115000.0,,275000.0,2357000.0,1729000.0,,213000.0,,415000.0,3943000.0,956000.0,2690000.0,2766000.0,2128000.0,,,76000.0,275000.0,,37000.0,37000.0,,,23000.0,-505000.0,5262000.0,705000.0,456000.0,249000.0,272000.0,3219000.0,3046000.0,2527000.0,519000.0,,173000.0,173000.0,173000.0,173000.0,,893000.0,,-36000.0,-42000.0,,,,,3407000.0,760000.0,2693000.0,2740000.0,2769000.0,2769000.0,,47000.0,,2693000.0,1.46,1.46,1846500.0,1850200.0,4762000.0,2740000.0,2767972.0,115000.0,337000.0,2740000.0,-36000.0,-36000.0,0.0,-8028.0,,,237000.0,173000.0,-6000.0,,,-29000.0,638000.0,,,,,,122000.0
TD,25,TD,2017-04-30,8391000.0,5109000.0,7195000.0,5655000.0,5655000.0,1425000.0,115000.0,,360000.0,2086000.0,1553000.0,,203000.0,,330000.0,3282000.0,909000.0,2522000.0,2604000.0,2038000.0,,,82000.0,360000.0,,36000.0,36000.0,,,103000.0,-500000.0,5225000.0,694000.0,445000.0,249000.0,280000.0,3200000.0,3016000.0,2478000.0,538000.0,,175000.0,175000.0,175000.0,175000.0,,876000.0,,-17000.0,,,,,,2649000.0,257000.0,2427000.0,2475000.0,2503000.0,2503000.0,,48000.0,,2427000.0,1.31,1.31,1854400.0,1858700.0,4609000.0,2475000.0,2490351.0,115000.0,320000.0,2475000.0,-17000.0,-17000.0,0.0,-1649.0,,,-288000.0,184000.0,17000.0,,,-28000.0,566000.0,,,,,,111000.0
TD,26,TD,2017-01-31,9038000.0,5141000.0,7127000.0,5705000.0,5705000.0,1347000.0,75000.0,,281000.0,1986000.0,1475000.0,,211000.0,,300000.0,3897000.0,952000.0,2582000.0,2664000.0,2040000.0,,,82000.0,281000.0,,14000.0,14000.0,,,136000.0,-633000.0,5394000.0,693000.0,451000.0,242000.0,289000.0,3326000.0,3160000.0,2586000.0,574000.0,,170000.0,170000.0,170000.0,170000.0,,916000.0,,5000.0,,,,,,3016000.0,596000.0,2456000.0,2504000.0,2533000.0,2533000.0,,48000.0,,2456000.0,1.32,1.32,1855800.0,1860300.0,4508000.0,2504000.0,2499990.0,75000.0,318000.0,2504000.0,5000.0,5000.0,0.0,990.0,,,213000.0,166000.0,-5000.0,,,-29000.0,624000.0,,,,,,113000.0
CFG,5,CFG,2022-03-31,1645000.0,1147000.0,1213000.0,1071000.0,1071000.0,138000.0,4000.0,,,66000.0,25000.0,0.0,41000.0,,,498000.0,,419000.0,419000.0,205000.0,61000.0,,,,51000.0,4000.0,4000.0,,,24000.0,-3000.0,1106000.0,233000.0,83000.0,150000.0,,594000.0,594000.0,594000.0,20000.0,,,,,,,279000.0,,,,,,,,536000.0,116000.0,396000.0,420000.0,420000.0,420000.0,,24000.0,,396000.0,0.94,0.93,422402.0,424671.0,1144000.0,420000.0,420000.0,4000.0,67000.0,420000.0,,,0.0,0.0,93000.0,,,26000.0,,,,,60000.0,,,,,,
CFG,6,CFG,2021-12-31,1720000.0,1126000.0,1202000.0,1079000.0,1079000.0,119000.0,4000.0,,,76000.0,33000.0,1000.0,42000.0,,,594000.0,,526000.0,526000.0,217000.0,60000.0,,,,35000.0,1000.0,1000.0,,,32000.0,25000.0,1061000.0,232000.0,86000.0,146000.0,,551000.0,551000.0,551000.0,,,,,,,,278000.0,,-36000.0,,,,,,684000.0,154000.0,498000.0,530000.0,530000.0,530000.0,,32000.0,,498000.0,1.17,1.17,424698.0,426868.0,1151000.0,530000.0,530000.0,4000.0,172000.0,530000.0,-36000.0,-36000.0,0.0,0.0,184000.0,,,29000.0,,,,,65000.0,,,,,,
CFG,7,CFG,2021-09-30,1659000.0,1145000.0,1222000.0,1100000.0,1100000.0,116000.0,6000.0,,,77000.0,35000.0,0.0,42000.0,,,514000.0,,456000.0,456000.0,257000.0,61000.0,,,,29000.0,3000.0,3000.0,,,26000.0,33000.0,1011000.0,234000.0,77000.0,157000.0,,509000.0,509000.0,509000.0,,,,,,,,268000.0,,,,,,,,681000.0,151000.0,504000.0,530000.0,530000.0,530000.0,,26000.0,,504000.0,1.18,1.18,426087.0,427841.0,1178000.0,530000.0,530000.0,6000.0,136000.0,530000.0,,,0.0,0.0,72000.0,,,32000.0,,,,,66000.0,,,,,,
CFG,8,CFG,2021-06-30,1609000.0,1124000.0,1211000.0,1084000.0,1084000.0,124000.0,3000.0,,,87000.0,42000.0,0.0,45000.0,,,485000.0,16000.0,438000.0,438000.0,223000.0,60000.0,,,,28000.0,3000.0,3000.0,,,16000.0,213000.0,991000.0,237000.0,82000.0,155000.0,,524000.0,524000.0,524000.0,,,,,,,,230000.0,,,,,,,,831000.0,183000.0,616000.0,648000.0,648000.0,648000.0,,32000.0,,616000.0,1.45,1.44,425949.0,427562.0,1337000.0,648000.0,648000.0,3000.0,165000.0,648000.0,,,0.0,0.0,91000.0,,,31000.0,,,,,64000.0,,,,,,
CFG,9,CFG,2021-03-31,1659000.0,1117000.0,1216000.0,1085000.0,1085000.0,128000.0,3000.0,,,99000.0,50000.0,0.0,49000.0,,,542000.0,,496000.0,496000.0,302000.0,58000.0,,,,28000.0,3000.0,3000.0,,,15000.0,140000.0,1018000.0,240000.0,88000.0,152000.0,,548000.0,548000.0,548000.0,,,,,,,,230000.0,,,,,,,,781000.0,170000.0,588000.0,611000.0,611000.0,611000.0,,23000.0,,588000.0,1.38,1.37,425954.0,427881.0,1257000.0,611000.0,611000.0,3000.0,152000.0,611000.0,,,0.0,0.0,81000.0,,,19000.0,,,,,55000.0,,,,,,
CFG,10,CFG,2020-12-31,1707000.0,1129000.0,1249000.0,1125000.0,1125000.0,121000.0,3000.0,,,120000.0,69000.0,1000.0,50000.0,,,578000.0,16000.0,531000.0,531000.0,335000.0,52000.0,88000.0,148000.0,,35000.0,0.0,0.0,,,12000.0,-124000.0,1012000.0,225000.0,84000.0,141000.0,,537000.0,537000.0,537000.0,,,,,,,,250000.0,,,,,,,,571000.0,115000.0,424000.0,456000.0,456000.0,456000.0,,32000.0,,424000.0,0.99,0.99,427075.0,428881.0,1005000.0,456000.0,456000.0,3000.0,159000.0,456000.0,,,0.0,0.0,88000.0,,,25000.0,,,,,56000.0,,,,,,
CFG,11,CFG,2020-09-30,1791000.0,1137000.0,1280000.0,1157000.0,1157000.0,121000.0,2000.0,,,143000.0,89000.0,0.0,54000.0,,,654000.0,13000.0,589000.0,589000.0,421000.0,53000.0,58000.0,139000.0,,27000.0,1000.0,1000.0,,,37000.0,-428000.0,988000.0,230000.0,81000.0,149000.0,,524000.0,524000.0,524000.0,,,,,,,,234000.0,,,,,,,,375000.0,61000.0,289000.0,314000.0,314000.0,314000.0,,25000.0,,289000.0,0.68,0.68,426846.0,427992.0,709000.0,314000.0,314000.0,2000.0,103000.0,314000.0,,,0.0,0.0,58000.0,,,24000.0,,,,,57000.0,,,,,,
CFG,12,CFG,2020-06-30,1750000.0,1160000.0,1350000.0,1219000.0,1219000.0,130000.0,1000.0,,,190000.0,124000.0,0.0,66000.0,,,590000.0,,545000.0,545000.0,391000.0,45000.0,61000.0,131000.0,,34000.0,3000.0,3000.0,,,8000.0,-464000.0,979000.0,224000.0,82000.0,142000.0,,513000.0,513000.0,513000.0,,,,,,,,242000.0,,,,,,,,307000.0,54000.0,225000.0,253000.0,253000.0,253000.0,,28000.0,,225000.0,0.53,0.53,426613.0,427567.0,696000.0,253000.0,253000.0,1000.0,112000.0,253000.0,,,0.0,0.0,61000.0,,,27000.0,,,,,48000.0,,,,,,
CFG,13,CFG,2020-03-31,1657000.0,1160000.0,1478000.0,1326000.0,1326000.0,147000.0,5000.0,,,318000.0,227000.0,1000.0,90000.0,,,497000.0,,463000.0,463000.0,311000.0,53000.0,43000.0,135000.0,,24000.0,0.0,0.0,,,10000.0,-600000.0,1012000.0,217000.0,84000.0,133000.0,,549000.0,549000.0,549000.0,,,,,,,,246000.0,,,,,,,-87000.0,45000.0,11000.0,12000.0,34000.0,34000.0,34000.0,,22000.0,,12000.0,0.03,0.03,427718.0,429389.0,560000.0,34000.0,34000.0,5000.0,204000.0,34000.0,,,0.0,0.0,43000.0,,,24000.0,,,,,56000.0,,,,,,
CFG,14,CFG,2019-12-31,1637000.0,1143000.0,1501000.0,1335000.0,1335000.0,159000.0,7000.0,,,358000.0,263000.0,1000.0,93000.0,1000.0,,494000.0,14000.0,425000.0,425000.0,243000.0,52000.0,66000.0,142000.0,,49000.0,4000.0,4000.0,,,16000.0,-110000.0,986000.0,221000.0,88000.0,133000.0,,502000.0,502000.0,502000.0,16000.0,,,,,,,263000.0,,-2000.0,,,,0.0,-109000.0,541000.0,91000.0,427000.0,450000.0,450000.0,450000.0,,23000.0,,427000.0,0.98,0.98,434685.0,436501.0,1033000.0,450000.0,450000.0,7000.0,193000.0,450000.0,-2000.0,-2000.0,0.0,0.0,66000.0,,,26000.0,2000.0,,,,64000.0,,,,,,
CFG,15,CFG,2019-09-30,1638000.0,1145000.0,1538000.0,1377000.0,1377000.0,153000.0,8000.0,,,393000.0,297000.0,0.0,94000.0,2000.0,,493000.0,14000.0,435000.0,435000.0,279000.0,50000.0,39000.0,128000.0,,35000.0,3000.0,3000.0,,,20000.0,-101000.0,969000.0,210000.0,80000.0,130000.0,,508000.0,508000.0,508000.0,14000.0,10000.0,,,,,,251000.0,,-4000.0,,,,,-72000.0,564000.0,115000.0,432000.0,449000.0,449000.0,449000.0,,17000.0,,432000.0,0.97,0.97,445704.0,447135.0,1044000.0,449000.0,452182.0,8000.0,165000.0,449000.0,-4000.0,-4000.0,0.0,-818.4,39000.0,,,31000.0,4000.0,,,,67000.0,,,,,,
CFG,16,CFG,2019-06-30,1628000.0,1166000.0,1580000.0,1409000.0,1409000.0,164000.0,7000.0,,,414000.0,308000.0,1000.0,102000.0,3000.0,,462000.0,13000.0,395000.0,395000.0,221000.0,53000.0,57000.0,118000.0,,35000.0,4000.0,4000.0,,,28000.0,-97000.0,944000.0,208000.0,82000.0,126000.0,,507000.0,507000.0,507000.0,16000.0,9000.0,,,,,,229000.0,,-7000.0,,,,,-65000.0,580000.0,127000.0,435000.0,453000.0,453000.0,453000.0,,18000.0,,435000.0,0.95,0.95,458154.0,459304.0,1069000.0,453000.0,458470.0,7000.0,141000.0,453000.0,-7000.0,-7000.0,0.0,-1530.0,57000.0,,,28000.0,7000.0,,,,64000.0,,,,,,
CFG,17,CFG,2019-03-31,1588000.0,1160000.0,1570000.0,1396000.0,1396000.0,166000.0,8000.0,,,410000.0,287000.0,0.0,121000.0,2000.0,,428000.0,14000.0,359000.0,359000.0,199000.0,47000.0,54000.0,110000.0,,36000.0,8000.0,8000.0,,,25000.0,-85000.0,932000.0,208000.0,83000.0,125000.0,,509000.0,509000.0,509000.0,16000.0,11000.0,,,,,,215000.0,,-5000.0,,,,-6000.0,-56000.0,566000.0,127000.0,424000.0,439000.0,439000.0,439000.0,,15000.0,,424000.0,0.92,0.92,460713.0,462521.0,1075000.0,439000.0,442879.0,8000.0,134000.0,439000.0,-5000.0,-5000.0,0.0,-1121.0,54000.0,,,27000.0,5000.0,,,,59000.0,,,,,,
CFG,18,CFG,2018-12-31,1593000.0,1172000.0,1542000.0,1362000.0,1362000.0,172000.0,8000.0,,,370000.0,245000.0,15000.0,108000.0,2000.0,,421000.0,14000.0,366000.0,366000.0,216000.0,43000.0,45000.0,135000.0,,34000.0,6000.0,6000.0,,,15000.0,-85000.0,951000.0,166000.0,92000.0,74000.0,,483000.0,483000.0,483000.0,16000.0,12000.0,50000.0,50000.0,50000.0,50000.0,,252000.0,,-40000.0,,,,,-55000.0,557000.0,92000.0,450000.0,465000.0,465000.0,465000.0,,15000.0,,450000.0,0.96,0.96,467339.0,469103.0,1087000.0,465000.0,465000.0,8000.0,50000.0,465000.0,-40000.0,-40000.0,0.0,0.0,45000.0,,,34000.0,16000.0,,,,62000.0,,,,,,
CFG,19,CFG,2018-09-30,1564000.0,1148000.0,1477000.0,1303000.0,1303000.0,167000.0,7000.0,,,329000.0,214000.0,19000.0,94000.0,2000.0,,416000.0,14000.0,365000.0,365000.0,212000.0,45000.0,47000.0,107000.0,,31000.0,3000.0,3000.0,,,17000.0,-78000.0,901000.0,151000.0,81000.0,70000.0,,474000.0,474000.0,474000.0,29000.0,11000.0,47000.0,47000.0,47000.0,47000.0,,229000.0,,-9000.0,,,,,-55000.0,576000.0,133000.0,436000.0,443000.0,443000.0,443000.0,,7000.0,,436000.0,0.92,0.91,475958.0,477600.0,1070000.0,443000.0,449916.0,7000.0,47000.0,443000.0,-9000.0,-9000.0,0.0,-2084.0,47000.0,,,36000.0,9000.0,,,,61000.0,,,,,,
CFG,20,CFG,2018-06-30,1509000.0,1121000.0,1411000.0,1238000.0,1238000.0,165000.0,8000.0,,,290000.0,181000.0,14000.0,94000.0,1000.0,,388000.0,14000.0,337000.0,337000.0,186000.0,43000.0,48000.0,106000.0,,34000.0,2000.0,2000.0,,,15000.0,-85000.0,875000.0,143000.0,79000.0,64000.0,,453000.0,453000.0,453000.0,28000.0,12000.0,46000.0,46000.0,46000.0,46000.0,,233000.0,,,,,,,-53000.0,549000.0,124000.0,425000.0,425000.0,425000.0,425000.0,,,,425000.0,0.88,0.88,484744.0,486142.0,1036000.0,425000.0,425000.0,8000.0,46000.0,425000.0,,,0.0,0.0,48000.0,,,34000.0,,,,,60000.0,,,,,,
CFG,21,CFG,2018-03-31,1462000.0,1091000.0,1328000.0,1154000.0,1154000.0,168000.0,6000.0,,,237000.0,145000.0,9000.0,82000.0,1000.0,,371000.0,14000.0,319000.0,319000.0,179000.0,40000.0,39000.0,99000.0,,27000.0,8000.0,8000.0,,,17000.0,-78000.0,883000.0,148000.0,81000.0,67000.0,,470000.0,470000.0,470000.0,31000.0,12000.0,46000.0,46000.0,46000.0,46000.0,,219000.0,,,,,,,-52000.0,501000.0,113000.0,381000.0,388000.0,388000.0,388000.0,,7000.0,,381000.0,0.78,0.78,487501.0,489267.0,1013000.0,388000.0,388000.0,6000.0,46000.0,388000.0,,,0.0,0.0,39000.0,,,25000.0,,,,,61000.0,,,,,,
CFG,22,CFG,2017-12-31,1484000.0,1080000.0,1291000.0,1130000.0,1130000.0,156000.0,5000.0,,,211000.0,130000.0,9000.0,71000.0,1000.0,,404000.0,14000.0,330000.0,330000.0,190000.0,42000.0,42000.0,118000.0,,32000.0,2000.0,2000.0,,,40000.0,-83000.0,898000.0,147000.0,80000.0,67000.0,,449000.0,449000.0,449000.0,35000.0,11000.0,46000.0,46000.0,46000.0,46000.0,,256000.0,,0.0,,,,,-69000.0,503000.0,-163000.0,666000.0,666000.0,666000.0,666000.0,,0.0,,666000.0,1.35,1.35,492150.0,493788.0,997000.0,666000.0,666000.0,5000.0,46000.0,666000.0,0.0,0.0,0.0,0.0,42000.0,,,23000.0,,,,,56000.0,,,,0.0,,
CFG,23,CFG,2017-09-30,1443000.0,1062000.0,1264000.0,1104000.0,1104000.0,155000.0,5000.0,,,202000.0,123000.0,7000.0,71000.0,1000.0,,381000.0,14000.0,337000.0,337000.0,188000.0,38000.0,53000.0,99000.0,,24000.0,2000.0,2000.0,,,18000.0,-72000.0,858000.0,143000.0,78000.0,65000.0,,436000.0,436000.0,436000.0,34000.0,18000.0,45000.0,45000.0,45000.0,45000.0,,234000.0,,,,,,,-56000.0,513000.0,165000.0,341000.0,348000.0,348000.0,348000.0,,7000.0,,341000.0,0.68,0.68,500861.0,502157.0,990000.0,348000.0,348000.0,5000.0,45000.0,348000.0,,,0.0,0.0,53000.0,,,27000.0,,,,,58000.0,,,,,,
CFG,24,CFG,2017-06-30,1396000.0,1026000.0,1205000.0,1046000.0,1046000.0,154000.0,5000.0,,,179000.0,102000.0,7000.0,70000.0,0.0,,370000.0,14000.0,339000.0,339000.0,190000.0,39000.0,51000.0,96000.0,,26000.0,3000.0,3000.0,,,2000.0,-70000.0,864000.0,143000.0,79000.0,64000.0,,432000.0,432000.0,432000.0,36000.0,12000.0,45000.0,45000.0,45000.0,45000.0,,244000.0,,-26000.0,,,,,-71000.0,462000.0,144000.0,318000.0,318000.0,318000.0,318000.0,,,,318000.0,0.63,0.63,506372.0,507414.0,956000.0,318000.0,318000.0,5000.0,45000.0,318000.0,-26000.0,-26000.0,0.0,0.0,51000.0,,,29000.0,,,,,59000.0,,,,26000.0,,
CFG,25,CFG,2017-03-31,1384000.0,1005000.0,1160000.0,997000.0,997000.0,160000.0,3000.0,,,155000.0,86000.0,8000.0,60000.0,1000.0,,379000.0,12000.0,324000.0,324000.0,177000.0,39000.0,48000.0,91000.0,,27000.0,4000.0,4000.0,,,24000.0,-96000.0,854000.0,149000.0,82000.0,67000.0,,444000.0,444000.0,444000.0,32000.0,13000.0,44000.0,44000.0,44000.0,44000.0,,217000.0,,,,,,,-55000.0,434000.0,114000.0,313000.0,320000.0,320000.0,320000.0,,7000.0,,313000.0,0.61,0.61,509451.0,511348.0,909000.0,320000.0,320000.0,3000.0,44000.0,320000.0,,,0.0,0.0,48000.0,,,26000.0,,,,,60000.0,,,,,,
CFG,26,CFG,2016-12-31,1363000.0,986000.0,1122000.0,968000.0,968000.0,152000.0,2000.0,,,136000.0,76000.0,7000.0,53000.0,0.0,,377000.0,14000.0,307000.0,307000.0,189000.0,34000.0,34000.0,98000.0,,25000.0,3000.0,3000.0,,,28000.0,-102000.0,847000.0,146000.0,77000.0,69000.0,,420000.0,420000.0,420000.0,33000.0,,44000.0,44000.0,44000.0,44000.0,,237000.0,,-30000.0,,,,30000.0,-19000.0,414000.0,132000.0,282000.0,282000.0,282000.0,282000.0,,0.0,,282000.0,0.55,0.55,512016.0,513897.0,884000.0,282000.0,282000.0,2000.0,44000.0,282000.0,-30000.0,-30000.0,0.0,0.0,34000.0,,,25000.0,,,,,50000.0,,,,,,
NYCB,5,NYCB,2022-03-31,346000.0,332000.0,429000.0,393000.0,,34000.0,,1000.0,2000.0,97000.0,27000.0,,70000.0,,,14000.0,7000.0,6000.0,6000.0,6000.0,,,,,,-1000.0,-1000.0,,,2000.0,2000.0,134000.0,23000.0,,,,111000.0,111000.0,80000.0,,31000.0,,,,,,,,-7000.0,,,,,,207000.0,52000.0,147000.0,155000.0,155000.0,155000.0,,8000.0,,147000.0,0.31,0.31,465138.0,465947.0,334000.0,155000.0,160239.0,1000.0,5000.0,155000.0,-7000.0,-7000.0,0.0,-1761.0,,,,,7000.0,,,,,,,,,,
NYCB,6,NYCB,2021-12-31,338000.0,322000.0,420000.0,380000.0,,38000.0,,,2000.0,98000.0,27000.0,,71000.0,,,16000.0,7000.0,6000.0,6000.0,6000.0,,,,,,0.0,0.0,,,3000.0,-4000.0,128000.0,23000.0,,,,105000.0,105000.0,74000.0,,31000.0,,,,,,,,-7000.0,,,,,,199000.0,49000.0,142000.0,150000.0,150000.0,150000.0,,8000.0,,142000.0,0.3,0.3,464047.0,464047.0,318000.0,150000.0,155257.0,,5000.0,150000.0,-7000.0,-7000.0,0.0,-1743.0,,,,,7000.0,,,,,,,,,,
NYCB,7,NYCB,2021-09-30,333000.0,318000.0,415000.0,376000.0,,37000.0,,,2000.0,97000.0,26000.0,,71000.0,,,15000.0,7000.0,6000.0,6000.0,6000.0,,,,,,0.0,0.0,,,2000.0,1000.0,129000.0,22000.0,,,,107000.0,107000.0,77000.0,,30000.0,,,,,,-6000.0,,-6000.0,,,,,,199000.0,50000.0,140000.0,149000.0,149000.0,149000.0,,9000.0,,140000.0,0.3,0.3,464047.0,464882.0,319000.0,149000.0,153489.0,,5000.0,149000.0,-6000.0,-6000.0,0.0,-1511.0,,,,,6000.0,,,,,,,,,,
NYCB,8,NYCB,2021-06-30,347000.0,331000.0,431000.0,386000.0,,43000.0,,,2000.0,100000.0,28000.0,,72000.0,,,16000.0,8000.0,6000.0,6000.0,6000.0,,,,,,0.0,0.0,,,2000.0,4000.0,129000.0,22000.0,,,,107000.0,107000.0,74000.0,,33000.0,,,,,,,,-10000.0,,,,,,212000.0,60000.0,144000.0,152000.0,152000.0,152000.0,,8000.0,,144000.0,0.3,0.3,464093.0,464895.0,335000.0,152000.0,159162.0,,5643.0,152000.0,-10000.0,-10000.0,0.0,-2838.0,,,,,10000.0,,,,,,,,,,
NYCB,9,NYCB,2021-03-31,332066.0,317659.0,423108.0,383430.0,,38430.0,,,1248.0,105449.0,33378.0,,72071.0,,,14407.0,6890.0,5539.0,5539.0,5539.0,,,,,,-483.0,-483.0,,,2461.0,-3569.0,132401.0,21481.0,,,,110920.0,110920.0,78026.0,,32894.0,,,,,,,,,,,,,,196096.0,50500.0,137389.0,145596.0,145596.0,145596.0,,8207.0,,137389.0,0.29,0.29,463293.0,463887.0,314090.0,145596.0,145596.0,,5357.0,145596.0,,,0.0,0.0,,,,,,,,,,,,,,,
NYCB,10,NYCB,2020-12-31,322950.0,307917.0,425827.0,388082.0,388082.0,37082.0,,,663.0,117910.0,44046.0,,73864.0,,,15033.0,7292.0,6045.0,6045.0,6045.0,,,,,,128.0,128.0,,,1568.0,-11036.0,133568.0,22876.0,,,,110692.0,110692.0,72576.0,,38116.0,,,,,,,,,,,,,,178346.0,-11318.0,181457.0,189664.0,189664.0,189664.0,,8207.0,,181457.0,0.39,0.39,461732.0,462592.0,296881.0,189664.0,189664.0,,5389.0,189664.0,,,0.0,0.0,,,,,,,,,,,,,,,
NYCB,11,NYCB,2020-09-30,295654.0,281886.0,418049.0,380337.0,380337.0,37398.0,,,314.0,136163.0,61402.0,,74761.0,,,13768.0,7566.0,5240.0,5240.0,5240.0,,,,,,-284.0,-284.0,,,1246.0,-13016.0,128508.0,23960.0,,,,104548.0,104548.0,73182.0,,31366.0,,,,,,,,,,,,,,154130.0,38360.0,107563.0,115770.0,115770.0,115770.0,,8207.0,,107563.0,0.23,0.23,461781.0,462646.0,268870.0,115770.0,115770.0,,5815.0,115770.0,,,0.0,0.0,,,,,,,,,,,,,,,
NYCB,12,NYCB,2020-06-30,281252.0,265872.0,423075.0,381884.0,381884.0,40973.0,,,218.0,157203.0,83500.0,,73703.0,,,15380.0,9503.0,3723.0,3723.0,3723.0,,3723.0,,,,887.0,887.0,,,1267.0,-17574.0,123593.0,21177.0,,,,102416.0,102416.0,75705.0,,26711.0,,,,,,,,,,,,,,140085.0,34738.0,97140.0,105347.0,105347.0,105347.0,,8207.0,,97140.0,0.21,0.21,461934.0,462489.0,248298.0,105347.0,105347.0,,6260.0,105347.0,,,0.0,0.0,,,,,,,,,,,,,,,
NYCB,13,NYCB,2020-03-31,261366.0,244467.0,441042.0,391911.0,391911.0,47276.0,,,1855.0,196575.0,117053.0,,79522.0,,,16899.0,7389.0,7018.0,7018.0,7018.0,,7018.0,,,,534.0,534.0,,,1958.0,-20601.0,125522.0,17875.0,,,,107647.0,107647.0,79451.0,,28196.0,,,,,,,,,,,,,,115243.0,14915.0,92121.0,100328.0,100328.0,100328.0,,8207.0,,92121.0,0.2,0.2,464994.0,465413.0,223866.0,100328.0,100328.0,,6407.0,100328.0,,,0.0,0.0,,,,,,,,,,,,,,,
NYCB,14,NYCB,2019-12-31,259932.0,242470.0,450683.0,393660.0,393660.0,54434.0,,,2589.0,208213.0,128260.0,,79953.0,,,17462.0,8118.0,7002.0,7002.0,7002.0,,7002.0,,,,-30.0,-30.0,,,2372.0,-1702.0,126097.0,22575.0,,,,103522.0,103522.0,72525.0,,30997.0,,,,,,0.0,,7402.0,,,,-7402.0,,132133.0,30959.0,92967.0,101174.0,101174.0,101174.0,,8207.0,,92967.0,0.2,0.2,465320.0,465738.0,240768.0,101174.0,101174.0,,6625.0,101174.0,7402.0,7402.0,0.0,0.0,,,,,0.0,,,,,,,,,,
NYCB,15,NYCB,2019-09-30,252401.0,235915.0,454551.0,391920.0,391920.0,59785.0,,,2846.0,218636.0,138725.0,,79911.0,,,16486.0,6791.0,7580.0,7580.0,7580.0,,7580.0,,,,275.0,275.0,,,1840.0,-4781.0,121902.0,21748.0,,,,101554.0,101554.0,75159.0,,26395.0,,,,,,-1400.0,,6500.0,,,,-7900.0,,132218.0,33172.0,90839.0,99046.0,99046.0,99046.0,,8207.0,,90839.0,0.19,0.19,465357.0,465776.0,231134.0,99046.0,94177.0,,6700.0,99046.0,6500.0,6500.0,0.0,1631.0,,,,,1400.0,,,,,,,,,,
NYCB,16,NYCB,2019-06-30,255287.0,237690.0,453752.0,387634.0,387634.0,60340.0,,,5778.0,216062.0,137284.0,,78778.0,,,17597.0,6479.0,7487.0,7487.0,7487.0,,7487.0,,,,493.0,493.0,,,3138.0,-1844.0,123052.0,21889.0,,,,101163.0,101163.0,72573.0,,28590.0,,,,,,,,,,,,,,130391.0,33145.0,89039.0,97246.0,97246.0,97246.0,,8207.0,,89039.0,0.19,0.19,465352.0,465641.0,235846.0,97246.0,97246.0,,6821.0,97246.0,,,0.0,0.0,,,,,,,,,,,,,,,
NYCB,17,NYCB,2019-03-31,266110.0,241325.0,446174.0,379790.0,379790.0,61037.0,,,5347.0,204849.0,126017.0,,78832.0,,,24785.0,6975.0,7228.0,7228.0,7228.0,,7228.0,,,,6987.0,6987.0,,,3595.0,1222.0,129767.0,22962.0,,,,115805.0,115805.0,81440.0,,34365.0,,,,,,-9000.0,,-9000.0,,,,,,128565.0,30988.0,89370.0,97577.0,97577.0,97577.0,,8207.0,,89370.0,0.19,0.19,465494.0,465494.0,242547.0,97577.0,104408.0,,6950.0,97577.0,-9000.0,-9000.0,0.0,-2169.0,,,,,9000.0,,,,,,,,,,
NYCB,18,NYCB,2018-12-31,270309.0,247236.0,442872.0,375307.0,375307.0,67565.0,,,,195636.0,117629.0,,78007.0,,,23073.0,7828.0,7709.0,7709.0,7709.0,,7709.0,,,,-1184.0,-1184.0,0.0,,8720.0,-2770.0,134946.0,25796.0,,,,109150.0,109150.0,74924.0,0.0,34226.0,0.0,0.0,0.0,0.0,,,,,,,,,,132593.0,30854.0,93532.0,101739.0,101739.0,101739.0,,8207.0,,93532.0,0.19,0.19,484037.0,484037.0,244466.0,101739.0,101739.0,,0.0,101739.0,,,0.0,0.0,,,,,,,,,,,,,,,
NYCB,19,NYCB,2018-09-30,272428.0,249506.0,425144.0,368264.0,368264.0,56880.0,,,,175638.0,103071.0,,72567.0,,,22922.0,7302.0,7237.0,7237.0,7237.0,,7237.0,,,,-41.0,-41.0,0.0,,8424.0,-1201.0,134433.0,24401.0,,,,110032.0,110032.0,78283.0,0.0,31749.0,0.0,0.0,0.0,0.0,,,,,,,,,,136794.0,30022.0,98565.0,106772.0,106772.0,106772.0,,8207.0,,98565.0,0.2,0.2,488476.0,488476.0,248305.0,106772.0,106772.0,,0.0,106772.0,,,0.0,0.0,,,,,,,,,,,,,,,
NYCB,20,NYCB,2018-06-30,286661.0,263955.0,417332.0,368456.0,368456.0,48876.0,,,,153377.0,86544.0,,66833.0,,,22706.0,6318.0,7492.0,7492.0,7492.0,,7492.0,,,,-303.0,-303.0,,,9199.0,-4714.0,137142.0,25026.0,,,,113116.0,113116.0,80314.0,0.0,32802.0,0.0,0.0,0.0,0.0,,-1000.0,,-1000.0,,,,,,143805.0,36451.0,99147.0,107354.0,107354.0,107354.0,,8207.0,,99147.0,0.2,0.2,488531.0,488531.0,259241.0,107354.0,108101.0,,0.0,107354.0,-1000.0,-1000.0,0.0,-253.5,,,,,,,,,,,,,1000.0,,
NYCB,21,NYCB,2018-03-31,293155.0,270298.0,404325.0,355917.0,355917.0,48408.0,,,,134027.0,72105.0,,61922.0,,,22857.0,6804.0,7327.0,7327.0,7327.0,,7327.0,,,,-466.0,-466.0,,,9192.0,-9571.0,139107.0,24884.0,,,,114223.0,114223.0,83975.0,0.0,30248.0,0.0,0.0,0.0,0.0,,,,,,,,,,144477.0,37925.0,98345.0,106552.0,106552.0,106552.0,,8207.0,,98345.0,0.2,0.2,488140.0,488140.0,260727.0,106552.0,106552.0,,0.0,106552.0,,,0.0,0.0,,,,,,,,,,,,,,,
NYCB,22,NYCB,2017-12-31,296317.0,270974.0,390370.0,346515.0,346515.0,43855.0,,,,119396.0,63514.0,,55882.0,,,25343.0,5963.0,7776.0,7776.0,7776.0,,7776.0,,,,1110.0,1009.0,101.0,,10494.0,-2926.0,148484.0,25368.0,,,,123116.0,123116.0,80977.0,0.0,42139.0,0.0,0.0,0.0,0.0,,,,0.0,0.0,,,,,144907.0,8386.0,128314.0,136521.0,136521.0,136521.0,,8207.0,,128314.0,0.26,0.26,487217.0,487217.0,268048.0,136521.0,136521.0,,0.0,136521.0,0.0,0.0,0.0,0.0,,,,,0.0,,,,,,,,,,
NYCB,23,NYCB,2017-09-30,385271.0,276343.0,393675.0,350990.0,350990.0,42685.0,,,,117332.0,62378.0,,54954.0,,,108928.0,8314.0,9458.0,9458.0,9458.0,,7972.0,,,,81950.0,0.0,81950.0,,9206.0,-44585.0,162234.0,25133.0,,,,137077.0,137077.0,91594.0,0.0,45483.0,24.0,24.0,24.0,24.0,,,,7359.0,7359.0,,,,,178452.0,67984.0,102261.0,110468.0,110468.0,110468.0,,8207.0,,102261.0,0.21,0.21,487274.0,487274.0,231758.0,110468.0,110468.0,,24.0,110468.0,7359.0,7359.0,0.0,0.0,,,,,0.0,,,,,,,,,,
NYCB,24,NYCB,2017-06-30,352531.0,287769.0,399075.0,361330.0,361330.0,37745.0,,,,111306.0,55240.0,,56066.0,,,64762.0,6519.0,16347.0,16347.0,16347.0,,8151.0,,,,28333.0,26936.0,1397.0,,13563.0,6261.0,178090.0,23403.0,,,,154657.0,154657.0,92860.0,14325.0,47472.0,30.0,30.0,30.0,30.0,,,,0.0,,,,,,180702.0,65447.0,107048.0,115255.0,115255.0,115255.0,,8207.0,,107048.0,0.22,0.22,487282.0,487282.0,294030.0,115255.0,115255.0,,30.0,115255.0,0.0,0.0,0.0,0.0,,,,,0.0,,,,,,,,,,
NYCB,25,NYCB,2017-03-31,331725.0,294917.0,399119.0,358402.0,358402.0,40717.0,,,,104202.0,48650.0,,55552.0,,,36808.0,6337.0,17624.0,17624.0,17624.0,,7860.0,,,,1713.0,1979.0,-266.0,,11134.0,4008.0,171579.0,25059.0,,,,146366.0,146366.0,95554.0,4636.0,46176.0,154.0,154.0,154.0,154.0,,,,0.0,,,,,,164154.0,60197.0,103957.0,103957.0,103957.0,103957.0,,,,103957.0,0.21,0.21,486512.0,486512.0,298925.0,103957.0,103957.0,,154.0,103957.0,0.0,0.0,0.0,0.0,,,,,0.0,,,,,,,,,,
NYCB,26,NYCB,2016-12-31,349221.0,315520.0,415348.0,372883.0,372883.0,42465.0,,,,99828.0,45122.0,,54706.0,,,33701.0,7807.0,11446.0,11446.0,11446.0,,8185.0,,,,3622.0,2934.0,688.0,,10826.0,-3516.0,165926.0,24706.0,,,,140823.0,140823.0,90206.0,1327.0,49290.0,397.0,397.0,397.0,397.0,,,,-6003.0,,,,,,173776.0,60043.0,113733.0,113733.0,113733.0,113733.0,,,,113733.0,0.23,0.23,485338.0,485338.0,312004.0,113733.0,117662.0,,397.0,113733.0,-6003.0,-6003.0,0.0,-2074.0,,,,,6003.0,,,,,,,,,,
CMA,5,CMA,2022-03-31,700000.0,456000.0,469000.0,383000.0,383000.0,86000.0,,,,13000.0,4000.0,,9000.0,,,244000.0,13000.0,210000.0,210000.0,79000.0,58000.0,,,,,22000.0,22000.0,,,-1000.0,11000.0,467000.0,49000.0,38000.0,11000.0,,298000.0,291000.0,283000.0,8000.0,,,,,,,120000.0,,-6000.0,,,,,,238000.0,49000.0,182000.0,189000.0,189000.0,189000.0,,6000.0,,182000.0,1.39,1.37,131000.0,133000.0,467000.0,189000.0,193765.0,,23000.0,189000.0,-6000.0,-6000.0,0.0,-1235.0,4000.0,1000.0,3000.0,7000.0,6000.0,,,,69000.0,,,,,,
CMA,6,CMA,2021-12-31,750000.0,461000.0,474000.0,393000.0,393000.0,81000.0,,,,13000.0,5000.0,0.0,8000.0,,,289000.0,11000.0,222000.0,222000.0,88000.0,60000.0,,66000.0,,,27000.0,27000.0,,,29000.0,25000.0,486000.0,56000.0,44000.0,12000.0,,307000.0,297000.0,292000.0,5000.0,,,,,,,123000.0,,,,,,,,289000.0,61000.0,221000.0,228000.0,228000.0,228000.0,,6000.0,,221000.0,1.69,1.66,130769.0,132870.0,486000.0,228000.0,228000.0,,23000.0,228000.0,,,0.0,0.0,3000.0,2000.0,-2000.0,10000.0,,,,,71000.0,,,,,,
CMA,7,CMA,2021-09-30,755000.0,475000.0,489000.0,411000.0,411000.0,78000.0,,,,14000.0,5000.0,0.0,9000.0,,,280000.0,12000.0,224000.0,224000.0,91000.0,58000.0,,65000.0,,,20000.0,20000.0,,,24000.0,42000.0,465000.0,53000.0,40000.0,13000.0,,296000.0,286000.0,282000.0,4000.0,,,,,,,116000.0,,,,,,,,332000.0,70000.0,255000.0,262000.0,262000.0,262000.0,,6000.0,,255000.0,1.92,1.9,133000.0,134000.0,517000.0,262000.0,262000.0,,25000.0,262000.0,,,0.0,0.0,3000.0,3000.0,-3000.0,10000.0,,,,,72000.0,,,,,,
CMA,8,CMA,2021-06-30,749000.0,465000.0,479000.0,404000.0,404000.0,75000.0,,,,14000.0,5000.0,0.0,9000.0,,,284000.0,9000.0,232000.0,232000.0,84000.0,60000.0,,71000.0,,,22000.0,22000.0,,,21000.0,135000.0,458000.0,51000.0,38000.0,13000.0,,293000.0,284000.0,277000.0,7000.0,,,,,,,114000.0,,-5000.0,,,,5000.0,,421000.0,93000.0,321000.0,328000.0,328000.0,328000.0,,5000.0,,321000.0,2.35,2.32,136000.0,138000.0,600000.0,328000.0,331895.0,,26000.0,328000.0,-5000.0,-5000.0,0.0,-1105.0,4000.0,2000.0,2000.0,9000.0,,,,,84000.0,,,,,,
CMA,9,CMA,2021-03-31,713000.0,443000.0,459000.0,386000.0,386000.0,73000.0,,,,16000.0,7000.0,0.0,9000.0,,,270000.0,11000.0,204000.0,204000.0,76000.0,53000.0,,64000.0,,,30000.0,30000.0,,,25000.0,182000.0,447000.0,51000.0,39000.0,12000.0,,294000.0,288000.0,282000.0,6000.0,,,,,,,102000.0,,,,,,,,448000.0,98000.0,343000.0,350000.0,350000.0,350000.0,,6000.0,,343000.0,2.46,2.43,140000.0,141000.0,625000.0,350000.0,350000.0,,25000.0,350000.0,,,0.0,0.0,4000.0,4000.0,2000.0,6000.0,,,,,71000.0,,,,,,
CMA,10,CMA,2020-12-31,734000.0,469000.0,489000.0,414000.0,414000.0,75000.0,,,,20000.0,10000.0,0.0,10000.0,,,265000.0,11000.0,209000.0,209000.0,81000.0,52000.0,10000.0,65000.0,,11000.0,0.0,0.0,,,34000.0,17000.0,473000.0,55000.0,42000.0,13000.0,,291000.0,280000.0,271000.0,9000.0,104000.0,,,,,,127000.0,,,,,,,,278000.0,63000.0,209000.0,215000.0,215000.0,215000.0,,5000.0,,209000.0,1.5,1.49,139333.0,140159.0,486000.0,215000.0,215000.0,,26000.0,215000.0,,,0.0,0.0,4000.0,2000.0,3000.0,11000.0,,,,,72000.0,,,,,,
CMA,11,CMA,2020-09-30,710000.0,458000.0,484000.0,408000.0,408000.0,76000.0,,,,26000.0,15000.0,0.0,11000.0,,,252000.0,12000.0,202000.0,202000.0,75000.0,51000.0,9000.0,58000.0,,9000.0,0.0,0.0,,,29000.0,-5000.0,446000.0,52000.0,40000.0,12000.0,,274000.0,265000.0,257000.0,8000.0,97000.0,,,,,,120000.0,,,,,,,,259000.0,48000.0,203000.0,211000.0,211000.0,211000.0,,8000.0,,203000.0,1.49,1.48,139000.0,140000.0,453000.0,211000.0,211000.0,,27000.0,211000.0,,,0.0,0.0,5000.0,2000.0,8000.0,9000.0,,,,,71000.0,,,,,,
CMA,12,CMA,2020-06-30,718000.0,471000.0,511000.0,434000.0,434000.0,77000.0,,,,40000.0,20000.0,1000.0,19000.0,,,247000.0,9000.0,193000.0,193000.0,68000.0,52000.0,9000.0,62000.0,,9000.0,1000.0,1000.0,,,35000.0,-138000.0,440000.0,49000.0,37000.0,12000.0,,265000.0,257000.0,249000.0,8000.0,101000.0,,,,,,126000.0,,,,,,,,140000.0,27000.0,112000.0,113000.0,113000.0,113000.0,,,,112000.0,0.85,0.84,139000.0,139000.0,333000.0,113000.0,113000.0,,29000.0,113000.0,,,0.0,0.0,5000.0,4000.0,10000.0,8000.0,,,,,68000.0,,,,,,
CMA,13,CMA,2020-03-31,750000.0,513000.0,609000.0,517000.0,517000.0,92000.0,,,,96000.0,56000.0,0.0,40000.0,,,237000.0,12000.0,195000.0,195000.0,75000.0,54000.0,9000.0,57000.0,,11000.0,-1000.0,-1000.0,,,20000.0,-411000.0,425000.0,49000.0,37000.0,12000.0,,257000.0,250000.0,242000.0,8000.0,94000.0,,,,,,119000.0,,,,,,,,-86000.0,-21000.0,-65000.0,-65000.0,-65000.0,-65000.0,,,,-65000.0,-0.42,-0.42,141000.0,141000.0,102000.0,-65000.0,-65000.0,,26000.0,-65000.0,,,0.0,0.0,7000.0,3000.0,2000.0,7000.0,,,,,59000.0,,,,,,
CMA,14,CMA,2019-12-31,804000.0,544000.0,659000.0,564000.0,564000.0,95000.0,,,,115000.0,70000.0,0.0,45000.0,,,260000.0,10000.0,205000.0,205000.0,84000.0,52000.0,9000.0,70000.0,,11000.0,1000.0,1000.0,,,33000.0,-8000.0,451000.0,54000.0,41000.0,13000.0,,273000.0,263000.0,257000.0,6000.0,100000.0,,,,,,124000.0,,6000.0,6000.0,,,,,351000.0,82000.0,267000.0,269000.0,269000.0,269000.0,,,,267000.0,1.87,1.85,142781.0,144566.0,536000.0,269000.0,264402.0,,30000.0,269000.0,6000.0,6000.0,0.0,1402.0,7000.0,1000.0,4000.0,10000.0,0.0,,,,62000.0,,,,,,
CMA,15,CMA,2019-09-30,842000.0,586000.0,711000.0,619000.0,619000.0,92000.0,,,,125000.0,73000.0,2000.0,50000.0,,,256000.0,11000.0,211000.0,211000.0,84000.0,53000.0,10000.0,66000.0,,11000.0,0.0,0.0,,,23000.0,-35000.0,435000.0,52000.0,39000.0,13000.0,,269000.0,259000.0,253000.0,6000.0,96000.0,,,,,,114000.0,,0.0,,,,,,372000.0,80000.0,290000.0,292000.0,292000.0,292000.0,,,,290000.0,1.98,1.96,147000.0,148000.0,551000.0,292000.0,292000.0,,27000.0,292000.0,0.0,0.0,0.0,0.0,7000.0,2000.0,1000.0,10000.0,0.0,,,,67000.0,,,,,,
CMA,16,CMA,2019-06-30,853000.0,603000.0,727000.0,635000.0,635000.0,92000.0,,,,124000.0,67000.0,6000.0,51000.0,,,250000.0,11000.0,206000.0,206000.0,82000.0,52000.0,10000.0,65000.0,,11000.0,0.0,0.0,,,22000.0,-44000.0,424000.0,49000.0,37000.0,12000.0,,260000.0,251000.0,245000.0,6000.0,93000.0,,,,,,115000.0,,0.0,,,,,,385000.0,87000.0,297000.0,298000.0,298000.0,298000.0,,,,297000.0,1.95,1.94,152000.0,153000.0,559000.0,298000.0,298000.0,,28000.0,298000.0,0.0,0.0,0.0,0.0,7000.0,1000.0,2000.0,9000.0,0.0,,,,65000.0,,,,,,
CMA,17,CMA,2019-03-31,844000.0,606000.0,710000.0,621000.0,621000.0,89000.0,,,,104000.0,52000.0,1000.0,51000.0,,,238000.0,9000.0,201000.0,201000.0,82000.0,49000.0,9000.0,63000.0,,11000.0,-8000.0,-8000.0,,,25000.0,13000.0,433000.0,49000.0,37000.0,12000.0,,275000.0,270000.0,265000.0,5000.0,92000.0,,,,,,109000.0,,0.0,,,,,,424000.0,85000.0,337000.0,339000.0,339000.0,339000.0,,,,337000.0,2.14,2.11,158000.0,160000.0,619000.0,339000.0,339000.0,,29000.0,339000.0,0.0,0.0,0.0,0.0,7000.0,2000.0,2000.0,5000.0,0.0,,,,63000.0,,,,,,
CMA,18,CMA,2018-12-31,864000.0,614000.0,704000.0,604000.0,604000.0,100000.0,,,,90000.0,43000.0,0.0,47000.0,,,250000.0,10000.0,206000.0,206000.0,84000.0,51000.0,10000.0,65000.0,,11000.0,0.0,0.0,,,23000.0,-16000.0,433000.0,53000.0,39000.0,14000.0,,264000.0,256000.0,250000.0,6000.0,95000.0,,,,,,116000.0,,-15000.0,,,,1000.0,,400000.0,90000.0,308000.0,310000.0,310000.0,310000.0,,,,308000.0,1.91,1.88,161257.0,163501.0,598000.0,310000.0,321625.0,,30000.0,310000.0,-15000.0,-15000.0,0.0,-3375.0,7000.0,2000.0,2000.0,8000.0,14000.0,,,,64000.0,,,,,,
CMA,19,CMA,2018-09-30,833000.0,599000.0,675000.0,581000.0,581000.0,94000.0,,,,76000.0,35000.0,1000.0,40000.0,,,234000.0,11000.0,202000.0,202000.0,83000.0,51000.0,9000.0,65000.0,,12000.0,-20000.0,-20000.0,,,29000.0,0.0,440000.0,50000.0,38000.0,12000.0,,273000.0,265000.0,254000.0,11000.0,97000.0,,,,,,117000.0,,-12000.0,,,,,,381000.0,63000.0,316000.0,318000.0,318000.0,318000.0,,,,316000.0,1.89,1.86,167000.0,170000.0,599000.0,318000.0,328016.0,,30000.0,318000.0,-12000.0,-12000.0,0.0,-1984.0,7000.0,3000.0,2000.0,8000.0,12000.0,,,,61000.0,,,,,,
CMA,20,CMA,2018-06-30,838000.0,590000.0,650000.0,568000.0,568000.0,82000.0,,,,60000.0,28000.0,,32000.0,,,248000.0,9000.0,205000.0,205000.0,87000.0,52000.0,11000.0,64000.0,,12000.0,7000.0,7000.0,,,22000.0,29000.0,437000.0,48000.0,37000.0,11000.0,,270000.0,262000.0,250000.0,12000.0,96000.0,,,,,,119000.0,,-11000.0,,,,,,419000.0,93000.0,324000.0,326000.0,326000.0,326000.0,,,,324000.0,1.9,1.87,171000.0,174000.0,619000.0,326000.0,334558.0,,29000.0,326000.0,-11000.0,-11000.0,0.0,-2442.0,6000.0,1000.0,,8000.0,11000.0,,,,60000.0,,,,,,
CMA,21,CMA,2018-03-31,793000.0,549000.0,590000.0,509000.0,509000.0,81000.0,,,,41000.0,16000.0,,25000.0,,,244000.0,9000.0,200000.0,200000.0,82000.0,52000.0,10000.0,61000.0,,12000.0,4000.0,4000.0,,,23000.0,-12000.0,430000.0,49000.0,38000.0,11000.0,,274000.0,268000.0,255000.0,13000.0,92000.0,,,,,,107000.0,,-16000.0,,,,,,335000.0,54000.0,279000.0,281000.0,281000.0,281000.0,,,,279000.0,1.62,1.59,172000.0,175000.0,537000.0,281000.0,294421.0,,31000.0,281000.0,-16000.0,-16000.0,0.0,-2579.0,7000.0,3000.0,,6000.0,16000.0,,,,59000.0,,,,,,
CMA,22,CMA,2017-12-31,830000.0,545000.0,578000.0,498000.0,498000.0,80000.0,,,,33000.0,13000.0,0.0,20000.0,,,285000.0,12000.0,235000.0,235000.0,88000.0,50000.0,11000.0,99000.0,,12000.0,7000.0,7000.0,,,26000.0,-17000.0,470000.0,51000.0,40000.0,11000.0,,257000.0,248000.0,235000.0,13000.0,130000.0,,,,,,162000.0,,-13000.0,,,,0.0,,330000.0,218000.0,112000.0,112000.0,112000.0,112000.0,,,,112000.0,0.65,0.63,172308.0,175818.0,528000.0,112000.0,119800.0,,30000.0,112000.0,-13000.0,-13000.0,0.0,-5200.0,6000.0,2000.0,2000.0,9000.0,13000.0,,,,91000.0,,,,,,
CMA,23,CMA,2017-09-30,821000.0,546000.0,579000.0,500000.0,500000.0,79000.0,,,,33000.0,11000.0,3000.0,19000.0,,,275000.0,12000.0,228000.0,228000.0,89000.0,48000.0,11000.0,92000.0,,11000.0,-1000.0,-1000.0,,,25000.0,-24000.0,456000.0,50000.0,38000.0,12000.0,,246000.0,238000.0,225000.0,13000.0,127000.0,,,,,,160000.0,,-7000.0,,,,,,334000.0,108000.0,224000.0,226000.0,226000.0,226000.0,,,,224000.0,1.29,1.26,174000.0,177000.0,522000.0,226000.0,230737.0,,31000.0,226000.0,-7000.0,-7000.0,0.0,-2263.0,6000.0,2000.0,2000.0,8000.0,7000.0,,,,85000.0,,,,,,
CMA,24,CMA,2017-06-30,776000.0,500000.0,529000.0,453000.0,453000.0,76000.0,,,,29000.0,9000.0,,20000.0,,,276000.0,9000.0,227000.0,227000.0,90000.0,51000.0,11000.0,88000.0,,11000.0,-2000.0,-2000.0,,,31000.0,-17000.0,443000.0,49000.0,38000.0,11000.0,,238000.0,231000.0,219000.0,12000.0,119000.0,,,,,,156000.0,,-14000.0,,,,,,302000.0,99000.0,202000.0,203000.0,203000.0,203000.0,,,,202000.0,1.15,1.13,175000.0,179000.0,483000.0,203000.0,212411.0,,29000.0,203000.0,-14000.0,-14000.0,0.0,-4589.0,6000.0,1000.0,2000.0,7000.0,14000.0,,,,80000.0,,,,,,
CMA,25,CMA,2017-03-31,741000.0,470000.0,496000.0,421000.0,421000.0,75000.0,,,,26000.0,9000.0,,17000.0,,,271000.0,10000.0,221000.0,221000.0,90000.0,49000.0,12000.0,87000.0,,11000.0,0.0,0.0,,,29000.0,-16000.0,448000.0,49000.0,38000.0,11000.0,,250000.0,246000.0,233000.0,13000.0,116000.0,,,,,,149000.0,,-9000.0,,,,-2000.0,,268000.0,66000.0,200000.0,202000.0,202000.0,202000.0,,,,200000.0,1.15,1.11,175000.0,180000.0,454000.0,202000.0,208784.0,,31000.0,202000.0,-9000.0,-9000.0,0.0,-2216.0,5000.0,4000.0,2000.0,4000.0,11000.0,,,,77000.0,,,,,,
CMA,26,CMA,2016-12-31,722000.0,455000.0,484000.0,412000.0,412000.0,72000.0,,,,29000.0,10000.0,,19000.0,,,267000.0,12000.0,219000.0,219000.0,87000.0,48000.0,12000.0,89000.0,,11000.0,-2000.0,-2000.0,,,27000.0,-35000.0,440000.0,53000.0,40000.0,13000.0,,240000.0,234000.0,219000.0,15000.0,118000.0,,,,,,147000.0,0.0,-21000.0,,,,1000.0,,226000.0,62000.0,163000.0,164000.0,164000.0,164000.0,,,,163000.0,0.95,0.92,171579.0,177457.0,420000.0,164000.0,179225.0,,30000.0,164000.0,-21000.0,-21000.0,0.0,-5775.0,5000.0,1000.0,2000.0,6000.0,20000.0,,,,79000.0,,,,,,
HSBC,5,HSBC,2022-03-31,15288000.0,6997000.0,6997000.0,,,,,,,,,,,,,8291000.0,2367000.0,3126000.0,,,,,,,,,,,,,,,,,,,,,,,,,,,,,,656000.0,-537000.0,,5000.0,,2000.0,,4166000.0,723000.0,2803000.0,3291000.0,3443000.0,3443000.0,,,,2803000.0,0.7,0.7,4004800.0,4004800.0,,3291000.0,3739562.0,,,3291000.0,-537000.0,-537000.0,0.0,-93438.0,,,,,530000.0,,,-152000.0,,,,,,,
HSBC,6,HSBC,2021-12-31,15586000.0,6781000.0,16480000.0,,,,,,,,,,,,,8805000.0,3716000.0,2084000.0,,,,,,,,,,,,,,,,,,,,,,,,,,,,,,669000.0,-962000.0,,,,18000.0,,2664000.0,635000.0,1788000.0,1930000.0,2029000.0,2029000.0,,0.0,,1788000.0,,,,,,1930000.0,3127694.0,,,1930000.0,-962000.0,-962000.0,0.0,-229306.0,,,,,479000.0,,,-99000.0,,,,,,,
HSBC,7,HSBC,2021-09-30,14645000.0,6610000.0,6610000.0,,,,,,,,,,,,,8035000.0,2749000.0,3322000.0,,,,,,,,,,,,,,,,,,,,,,,,,,,,,,721000.0,-359000.0,,,,7000.0,,5403000.0,1161000.0,3543000.0,4038000.0,4242000.0,4242000.0,,,,3543000.0,0.9,0.85,3936667.0,4168235.0,,4038000.0,4399858.0,,,4038000.0,-359000.0,-359000.0,0.0,-77142.0,,,,,272000.0,,,-204000.0,,,,,,,
HSBC,8,HSBC,2021-06-30,16601000.0,6584000.0,11446000.0,,,,,,,,,,,,,10017000.0,4417000.0,2635000.0,,,,,,,,,,,,,,,,,,,,,,,,,,,,,,771000.0,-537000.0,,,,27000.0,,5060000.0,1206000.0,3396000.0,3608000.0,3854000.0,3854000.0,,0.0,,3396000.0,,,,,,3608000.0,4017011.0,,,3608000.0,-537000.0,-537000.0,0.0,-127989.0,,,,,510000.0,,,-246000.0,,,,,,,
HSBC,9,HSBC,2021-03-31,16830000.0,6514000.0,6514000.0,,,,,,,,,,,,,10316000.0,4041000.0,3463000.0,,,,,,,,,,,,,,,,,,,,,,,,,,,,,,885000.0,-276000.0,,,,8000.0,,5779000.0,1211000.0,3880000.0,4341000.0,4568000.0,4568000.0,,7000.0,,3880000.0,0.95,0.95,4039400.0,4039400.0,,4341000.0,4559040.0,,,4341000.0,-276000.0,-276000.0,0.0,-57960.0,,,,,268000.0,,,-227000.0,,,,,,,
HSBC,10,HSBC,2020-12-31,15936000.0,6619000.0,20797000.0,,,,,,,,,,,,,9317000.0,4630000.0,1952000.0,,,,,,,,,,,,,,,,,,,,,,,,,,,,,,666000.0,-460000.0,,,,-85000.0,,1385000.0,450000.0,562000.0,760000.0,935000.0,935000.0,,23000.0,,562000.0,,,,,,760000.0,-249458.0,,,760000.0,-460000.0,-460000.0,0.0,-149458.0,,,,,940000.0,,,-175000.0,,,,,,,
HSBC,11,HSBC,2020-09-30,15824000.0,6450000.0,6450000.0,,,,,,,,,,,,,9374000.0,3815000.0,2981000.0,,,,,,,,,,,,,,,,,,,,,,,,,,,,,,-27000.0,-497000.0,,73000.0,,-42000.0,-7968000.0,3074000.0,1035000.0,1359000.0,1830000.0,2039000.0,2039000.0,,22000.0,,1359000.0,0.35,0.35,3.883,3.883,,1830000.0,2232663.0,,,1830000.0,-497000.0,-497000.0,0.0,-167337.0,,,,,466000.0,,,-209000.0,,,,,,,
HSBC,12,HSBC,2020-06-30,17097000.0,6897000.0,15388000.0,,,,,,,,,,,,,10200000.0,4400000.0,2803000.0,,,,,,,,,,,,,,,,,,,,,,,,,,,,,,537000.0,-1208000.0,,1224000.0,,79000.0,-7451000.0,1089000.0,472000.0,192000.0,391000.0,617000.0,617000.0,,23000.0,,192000.0,,,,,,391000.0,1410480.0,,,391000.0,-1208000.0,-1208000.0,0.0,-229520.0,,,,,104000.0,,,-226000.0,,,,,,,
HSBC,13,HSBC,2020-03-31,14027000.0,7612000.0,7612000.0,,,,,,,,,,,,,6415000.0,-670000.0,3123000.0,,,,,,,,,,,,,,,,,,,,,,,,,,,,,,421000.0,-181000.0,,,,2000.0,-7852000.0,3229000.0,721000.0,1785000.0,2248000.0,2508000.0,2508000.0,,22000.0,,1785000.0,0.45,0.45,4034400.0,4049000.0,,2248000.0,2388637.0,,,2248000.0,-181000.0,-181000.0,0.0,-40363.0,,,,,179000.0,,,-260000.0,,,,,,,
HSBC,14,HSBC,2019-12-31,15827000.0,7654000.0,31887000.0,,,,,,,,,,,,,8173000.0,2749000.0,2109000.0,,,,,,,,,,,,,,,,,,,,,,,,,,,,,,518000.0,-7924000.0,,,,143000.0,25318000.0,-3897000.0,1127000.0,-5509000.0,-5310000.0,-5024000.0,-5024000.0,,23000.0,,-5509000.0,,,,,,-5310000.0,1108440.0,,,-5310000.0,-7924000.0,-7924000.0,0.0,-1505560.0,,,,,432000.0,,,-286000.0,,,,,,,
HSBC,15,HSBC,2019-09-30,17002000.0,7568000.0,7568000.0,,,,,,,,,,,,,9434000.0,2846000.0,2961000.0,,,,,,,,,,,,,,,,,,,,,,,,,,,,,,512000.0,-481000.0,,,,306000.0,-8147000.0,4837000.0,1042000.0,2971000.0,3477000.0,3795000.0,3795000.0,,22000.0,,2971000.0,0.75,0.75,3.961,3.961,,3477000.0,3854382.0,,,3477000.0,-481000.0,-481000.0,0.0,-103618.0,,,,,175000.0,,,-318000.0,,,,,,,
HSBC,16,HSBC,2019-06-30,17432000.0,7772000.0,20282000.0,,,,,,,,,,,,,9660000.0,4425000.0,2652000.0,,,,,,30000.0,,,,,,,,,,,,,,,,,,,,,,,,732000.0,150000.0,,,,-425000.0,9406000.0,6194000.0,1167000.0,4373000.0,4650000.0,5027000.0,5027000.0,,23000.0,,4373000.0,,,,,,4650000.0,4494986.0,,,4650000.0,191000.0,191000.0,0.0,35986.0,,,,,275000.0,,,-377000.0,,,,,,,
HSBC,17,HSBC,2019-03-31,19619000.0,7468000.0,7468000.0,,,,,,,,,,,,,12151000.0,5006000.0,3026000.0,,,,,,8000.0,,,,,,,,,,,,,,,,,,,,,,,,592000.0,-159000.0,,,,56000.0,-8222000.0,6213000.0,1303000.0,4134000.0,4566000.0,4910000.0,4910000.0,,22000.0,,4134000.0,1.05,1.05,4016400.0,4035400.0,,4566000.0,4691610.0,,,4566000.0,-159000.0,-159000.0,0.0,-33390.0,,,,,103000.0,,,-344000.0,,,,,,,
HSBC,18,HSBC,2018-12-31,14106000.0,7709000.0,26829000.0,,,,,,,,,,,,,6397000.0,1408000.0,2104000.0,,,,,,19000.0,,,,,,,,,,,,,,,,,,,,,,,,558000.0,-224000.0,,,,148000.0,,3256000.0,1163000.0,1537000.0,1794000.0,2093000.0,2093000.0,,23000.0,,1537000.0,,,,,,1794000.0,1885279.0,,,1794000.0,-142000.0,-142000.0,0.0,-50721.0,,,,,76000.0,,,-299000.0,,,,,,,
HSBC,19,HSBC,2018-09-30,16597000.0,7680000.0,7680000.0,,,,,,,,,,,,,8917000.0,2890000.0,3026000.0,,,,,,15000.0,,,,,,,,,,,,,,,,,,,,,,,,597000.0,-228000.0,,,,112000.0,-7966000.0,5922000.0,1406000.0,3899000.0,4185000.0,4516000.0,4516000.0,,22000.0,,3899000.0,0.95,0.95,4.104,4.104,,4185000.0,4358868.0,,,4185000.0,-228000.0,-228000.0,0.0,-54132.0,,,,,116000.0,,,-331000.0,,,,,,,
HSBC,20,HSBC,2018-06-30,16750000.0,7644000.0,15966000.0,,,,,,,,,,,,,9106000.0,2994000.0,2829000.0,,,,,,32000.0,,,,,,,,,,,,,,,,,,,,,,,,783000.0,-111000.0,,,,22000.0,9701000.0,5957000.0,1279000.0,4087000.0,4352000.0,4678000.0,4678000.0,,23000.0,,4087000.0,,,,,,4352000.0,4421106.0,,,4352000.0,-88000.0,-88000.0,0.0,-18894.0,,,,,89000.0,,,-326000.0,,,,,,,
HSBC,21,HSBC,2018-03-31,16548000.0,7456000.0,7456000.0,,,,,,,,,,,,,9092000.0,2923000.0,3507000.0,,,,,,9000.0,,,,,,,,,,,,,,,,,,,,,,,,598000.0,-1138000.0,,,,992000.0,-9383000.0,4755000.0,1017000.0,3086000.0,3396000.0,3738000.0,3738000.0,,22000.0,,3086000.0,0.75,0.75,4002600.0,4023600.0,,3396000.0,4290468.0,,,3396000.0,-1138000.0,-1138000.0,0.0,-243532.0,,,,,146000.0,,,-342000.0,,,,,,,
HSBC,22,HSBC,2017-12-31,15186000.0,8893000.0,21712000.0,,,,,,,,,,,,,6293000.0,2341000.0,2236000.0,,,,,,17000.0,,,,,,,,,,,,,,,,,,,,,,,,556000.0,-693000.0,,,,-93000.0,24910000.0,2304000.0,1978000.0,-274000.0,52000.0,326000.0,326000.0,,23000.0,,-274000.0,,,,,,52000.0,574450.0,,,52000.0,-645000.0,-645000.0,0.0,-122550.0,,,,,786000.0,,,-274000.0,,,,,,,
HSBC,23,HSBC,2017-09-30,16324000.0,7127000.0,7127000.0,,,,,,,,,,,,,9197000.0,2651000.0,3255000.0,,,,,,40000.0,,,,,,,,,,,,,,,,,,,,,,,,636000.0,-762000.0,,,,-24000.0,-8656000.0,4620000.0,1115000.0,2958000.0,3236000.0,3505000.0,3505000.0,,22000.0,,2958000.0,0.75,0.75,3.944,3.944,,3236000.0,3814097.0,,,3236000.0,-762000.0,-762000.0,0.0,-183903.0,,,,,786000.0,,,-269000.0,,,,,,,
HSBC,24,HSBC,2017-06-30,15887000.0,7741000.0,13691000.0,,,,,,,,,,,,,8146000.0,2169000.0,2782000.0,,,,,,36000.0,,,,,,,,,,,,,,,,,,,,,,,,651000.0,-781000.0,,,,-231000.0,8652000.0,5282000.0,994000.0,3869000.0,4045000.0,4288000.0,4288000.0,,23000.0,,3869000.0,,,,,,4045000.0,4657108.0,,,4045000.0,-754000.0,-754000.0,0.0,-141892.0,,,,,1012000.0,,,-243000.0,,,,,,,
HSBC,25,HSBC,2017-03-31,16688000.0,6787000.0,6787000.0,,,,,,,,,,,,,9901000.0,2793000.0,3224000.0,,,,,,13000.0,,,,,,,,,,,,,,,,,,,,,,,,532000.0,-1282000.0,,,,366000.0,-8126000.0,4961000.0,1201000.0,3130000.0,3465000.0,3760000.0,3760000.0,,22000.0,,3130000.0,0.8,0.8,3912500.0,3912500.0,,3465000.0,4436756.0,,,3465000.0,-1282000.0,-1282000.0,0.0,-310244.0,,,,,916000.0,,,-295000.0,,,,,,,
HSBC,26,HSBC,2016-12-31,9109000.0,6868000.0,6868000.0,,,,,,,,,,,,,2241000.0,-303000.0,2929000.0,,,,,,17000.0,,,,,,,,,,,,,,,,,,,,,,,,498000.0,,,,,,-12459000.0,-3445000.0,572000.0,-4440000.0,-4229000.0,-4017000.0,-4017000.0,,23000.0,,-4440000.0,-1.1,-1.1,4036364.0,4036364.0,,-4229000.0,-4229000.0,,,-4229000.0,,,0.0,0.0,,,,,,,,-212000.0,,,,,,,
SBNY,4,SBNY,2022-03-31,607963.0,573559.0,642165.0,533428.0,533428.0,108737.0,,,,68606.0,46040.0,,21977.0,589.0,,34404.0,,26931.0,26931.0,22690.0,,4241.0,,,,3026.0,-816.0,3842.0,,4447.0,-2695.0,193380.0,12030.0,,,9438.0,171912.0,171912.0,127021.0,8088.0,36803.0,,,,,,,,,,,,,,411888.0,73354.0,329152.0,338534.0,338534.0,338534.0,,9125.0,,329152.0,5.34,5.3,61670.0,62125.0,570864.0,338534.0,338534.0,,5640.0,338534.0,,,0.0,0.0,,,,,,,,,,,,,,,
SBNY,5,SBNY,2021-12-31,569376.0,535920.0,606309.0,517242.0,517242.0,89067.0,,,,70389.0,46920.0,,22867.0,602.0,,33456.0,,25521.0,25521.0,21501.0,,4020.0,,,,5066.0,0.0,5066.0,,2869.0,-6877.0,183947.0,12160.0,,,8588.0,163199.0,163199.0,123104.0,7436.0,32659.0,,,,,,,,,,,,,,378552.0,106560.0,263683.0,271992.0,271992.0,271992.0,,9125.0,,263683.0,,,,,529043.0,271992.0,271992.0,,5836.0,271992.0,,,0.0,0.0,,,,,,,,,,,,,,,
SBNY,6,SBNY,2021-09-30,512243.0,480876.0,555720.0,482396.0,482396.0,73324.0,,,,74844.0,51272.0,,22970.0,602.0,,31367.0,,24363.0,24363.0,20032.0,,4331.0,,,,3651.0,0.0,3651.0,,3353.0,-3985.0,181243.0,11761.0,,,9981.0,159501.0,159501.0,116924.0,6896.0,35681.0,,,,,,,,,,,,,,327015.0,85592.0,232087.0,241423.0,241423.0,241423.0,,9125.0,,232087.0,3.91,3.88,59284.0,59745.0,476891.0,241423.0,241423.0,,5328.0,241423.0,,,0.0,0.0,,,,,,,,,,,,,,,
SBNY,7,SBNY,2021-06-30,480589.0,457221.0,536810.0,467746.0,467746.0,69064.0,,,,79589.0,54948.0,,24046.0,595.0,,23368.0,,20504.0,20504.0,16605.0,,3899.0,,,,3393.0,,3393.0,,-529.0,-8308.0,172019.0,10779.0,,,7278.0,153962.0,153962.0,112806.0,4486.0,36670.0,,,,,,,,,,,,,,300262.0,85769.0,205098.0,214493.0,214493.0,214493.0,,9125.0,,205098.0,3.59,3.57,57128.0,57527.0,448913.0,214493.0,214493.0,,4932.0,214493.0,,,0.0,0.0,,,,,,,,,,,,,,,
SBNY,8,SBNY,2021-03-31,439208.0,406507.0,491542.0,429561.0,429561.0,61981.0,,,,85035.0,57504.0,,26929.0,602.0,,32701.0,,20933.0,20933.0,16930.0,,4003.0,,,,7061.0,,7061.0,,4707.0,-30872.0,166391.0,11773.0,,,5142.0,149476.0,149476.0,106051.0,5725.0,37700.0,,,,,,,,,,,,,,241945.0,51412.0,179687.0,190533.0,190533.0,190533.0,,10512.0,,179687.0,3.27,3.24,54998.0,55531.0,375635.0,190533.0,190533.0,,4909.0,190533.0,,,0.0,0.0,,,,,,,,,,,,,,,
SBNY,9,SBNY,2020-12-31,419175.0,394984.0,488558.0,428339.0,428339.0,60219.0,,,,93574.0,65990.0,,26989.0,595.0,,24191.0,,18356.0,18356.0,14625.0,,3731.0,,,,3082.0,-17.0,3099.0,,2753.0,-35599.0,157652.0,10934.0,,,5355.0,141363.0,141363.0,95703.0,3955.0,41705.0,,,,,,,,,,,,,,225924.0,52915.0,174409.0,173009.0,173009.0,173009.0,,,,174409.0,,,,,359385.0,173009.0,173009.0,,4902.0,173009.0,,,0.0,0.0,,,,,,,,,,,,,,,
SBNY,10,SBNY,2020-09-30,412926.0,388713.0,481492.0,417309.0,417309.0,64183.0,,,,92779.0,66069.0,,26030.0,680.0,,24213.0,,14054.0,14054.0,10871.0,,3183.0,,,,8619.0,3623.0,4996.0,,1540.0,-52664.0,160563.0,11618.0,,,3399.0,145546.0,145546.0,101306.0,3190.0,41050.0,,,,,,,,,,,,,,199699.0,61149.0,138216.0,138550.0,138550.0,138550.0,,334.0,,138216.0,2.62,2.62,52673.0,52835.0,336049.0,138550.0,138550.0,,5208.0,138550.0,,,0.0,0.0,,,,,,,,,,,,,,,
SBNY,11,SBNY,2020-06-30,399797.0,387133.0,481782.0,414704.0,414704.0,67078.0,,,,94649.0,65550.0,,28380.0,719.0,,12664.0,,13184.0,13184.0,10307.0,,2877.0,,,,1821.0,0.0,1821.0,,-2341.0,-93008.0,151873.0,11282.0,,,4789.0,135802.0,135802.0,99084.0,3699.0,33019.0,,,,,,,,,,,,,,154916.0,37702.0,116683.0,117214.0,117214.0,117214.0,,531.0,,116683.0,2.22,2.21,52672.0,52785.0,294125.0,117214.0,117214.0,,5312.0,117214.0,,,0.0,0.0,,,,,,,,,,,,,,,
SBNY,12,SBNY,2020-03-31,362443.0,348263.0,479814.0,405214.0,405214.0,74600.0,,,,131551.0,99739.0,,31064.0,748.0,,14180.0,,14244.0,14244.0,10594.0,,3650.0,,,,2735.0,0.0,2735.0,,-2799.0,-66823.0,143966.0,10537.0,,,4744.0,128685.0,128685.0,93032.0,2898.0,32755.0,,,,,,,,,,,,,,151654.0,52067.0,99052.0,99587.0,99587.0,99587.0,,535.0,,99052.0,1.89,1.88,52546.0,52686.0,281440.0,99587.0,99587.0,,5262.0,99587.0,,,0.0,0.0,,,,,,,,,,,,,,,
SBNY,13,SBNY,2019-12-31,345582.0,338294.0,481396.0,400934.0,400934.0,80462.0,,,,143102.0,108928.0,,33441.0,733.0,,7288.0,,12847.0,12847.0,9174.0,,3673.0,,,,1956.0,0.0,1956.0,,-7515.0,-9755.0,138022.0,10357.0,,,3996.0,123669.0,123669.0,84301.0,2894.0,36474.0,,,,,,,,,,,,,,197805.0,49583.0,147739.0,148222.0,148222.0,148222.0,,483.0,,147739.0,,,,,328539.0,148222.0,148222.0,,7815.0,148222.0,,,0.0,0.0,,,,,,,,,,,,,,,
SBNY,14,SBNY,2019-09-30,333996.0,328019.0,484055.0,400836.0,400836.0,83219.0,,,,156036.0,118308.0,,36574.0,1154.0,,5977.0,,11630.0,11630.0,8178.0,,3452.0,,,,2872.0,120.0,2752.0,,-8525.0,-1164.0,134295.0,10854.0,,,4075.0,119366.0,119366.0,86438.0,3191.0,29737.0,,,,,,,,,,,,,,198537.0,49809.0,148241.0,148728.0,148728.0,148728.0,,487.0,,148241.0,2.75,2.74,53722.0,53830.0,326855.0,148728.0,148728.0,,4530.0,148728.0,,,0.0,0.0,,,,,,,,,,,,,,,
SBNY,15,SBNY,2019-06-30,334883.0,326288.0,480661.0,399392.0,399392.0,81269.0,,,,154373.0,109447.0,,38863.0,6063.0,,8595.0,,11285.0,11285.0,7546.0,,3739.0,,,,4494.0,361.0,4133.0,,-7184.0,-5408.0,131888.0,10524.0,,,3731.0,117633.0,117633.0,84446.0,3164.0,30023.0,,,,,,,,,,,,,,197587.0,49676.0,147433.0,147911.0,147911.0,147911.0,,478.0,,147433.0,2.71,2.71,54213.0,54250.0,320880.0,147911.0,147911.0,,4355.0,147911.0,,,0.0,0.0,,,,,,,,,,,,,,,
SBNY,16,SBNY,2019-03-31,325080.0,318992.0,465565.0,383085.0,383085.0,82480.0,,,,146573.0,104047.0,,36697.0,5829.0,,6088.0,,11668.0,11668.0,8028.0,,3640.0,,,,2548.0,553.0,1995.0,,-8128.0,-6309.0,125064.0,11098.0,,,2888.0,111078.0,111078.0,79869.0,3184.0,28025.0,,,,,,,,,,,,,,193707.0,49642.0,143600.0,144065.0,144065.0,144065.0,,465.0,,143600.0,2.64,2.63,54165.0,54269.0,312683.0,144065.0,144065.0,,3447.0,144065.0,,,0.0,0.0,,,,,,,,,,,,,,,
SBNY,17,SBNY,2018-12-31,340951.0,335033.0,460817.0,380328.0,380328.0,80489.0,,,,125784.0,89984.0,,30225.0,5575.0,,5918.0,,11261.0,11261.0,7845.0,,3416.0,,,,1784.0,179.0,1605.0,,-7127.0,-6441.0,119143.0,9139.0,,,3612.0,106392.0,106392.0,77072.0,3752.0,25568.0,,,,,,,,,,,,,,215367.0,54527.0,160376.0,160840.0,160840.0,160840.0,,464.0,,160376.0,,,,,328592.0,160840.0,160840.0,,3350.0,160840.0,,,0.0,0.0,,,,,,,,,,,,,,,
SBNY,18,SBNY,2018-09-30,329339.0,324796.0,434228.0,354185.0,354185.0,80043.0,,,,109432.0,79200.0,,27713.0,2519.0,,4543.0,,10163.0,10163.0,6914.0,,3249.0,,,,1943.0,12.0,1931.0,,-7563.0,-7351.0,117208.0,8638.0,,,3307.0,105263.0,105263.0,76140.0,7070.0,22053.0,,,,,,,,,,,,,,204780.0,49334.0,154996.0,155446.0,155446.0,155446.0,,450.0,,154996.0,2.84,2.84,54544.0,54610.0,317445.0,155446.0,155446.0,,3825.0,155446.0,,,0.0,0.0,,,,,,,,,,,,,,,
SBNY,19,SBNY,2018-06-30,326627.0,321012.0,416804.0,341083.0,341083.0,75721.0,,,,95792.0,65201.0,,27588.0,3003.0,,5615.0,,10432.0,10432.0,7152.0,,3280.0,,,,1540.0,357.0,1183.0,,-6357.0,-7970.0,112593.0,8335.0,,,3503.0,100755.0,100755.0,75720.0,7447.0,17588.0,,,,,,,,,,,,,,206064.0,51479.0,154585.0,154585.0,154585.0,154585.0,,,,154585.0,2.84,2.83,54527.0,54599.0,313042.0,154585.0,154585.0,,3549.0,154585.0,,,0.0,0.0,,,,,,,,,,,,,,,
SBNY,20,SBNY,2018-03-31,325348.0,318146.0,397072.0,324702.0,324702.0,72370.0,,,,78926.0,54863.0,,21675.0,2388.0,,7202.0,,9817.0,9817.0,6642.0,,3175.0,,,,-2615.0,425.0,2018.0,-5058.0,,-140762.0,137332.0,8199.0,,,3276.0,125857.0,125857.0,73163.0,6988.0,45706.0,,,,,,,,,,,,,,47254.0,12782.0,34472.0,34472.0,34472.0,34472.0,,,,34472.0,0.64,0.63,54143.0,54395.0,177384.0,34472.0,38159.0,,3283.0,34472.0,-5058.0,-5058.0,0.0,-1371.0,,,,,,,,,,,,,,,
SBNY,21,SBNY,2017-12-31,328270.0,319772.0,386957.0,317345.0,317345.0,69612.0,,,,67185.0,50057.0,,14762.0,2366.0,,8498.0,,8635.0,8635.0,5430.0,,3205.0,,,,-137.0,669.0,2561.0,-3367.0,,-41737.0,109967.0,7861.0,,,2799.0,99307.0,99307.0,68384.0,6754.0,24169.0,,,,,,,,,,,,,,176566.0,61701.0,114865.0,114865.0,114865.0,114865.0,,,,114865.0,,,,,278035.0,114865.0,117055.0,,3374.0,114865.0,-3367.0,-3367.0,0.0,-1177.0,,,,,,,,,,,,,,,
SBNY,22,SBNY,2017-09-30,316937.0,308818.0,370669.0,302472.0,302472.0,68197.0,,,3662.0,61851.0,46659.0,,13279.0,1913.0,0.0,8119.0,,9148.0,9148.0,6112.0,,3036.0,3607.0,,,-1029.0,374.0,2204.0,-3607.0,-3607.0,-14340.0,105628.0,8210.0,,,3181.0,94237.0,94237.0,70112.0,7260.0,16865.0,,,,,,0.0,,-361.0,,,,0.0,,196969.0,72498.0,124471.0,124471.0,124471.0,124471.0,,,,124471.0,2.3,2.29,54098.0,54300.0,294478.0,124471.0,126751.0,,3063.0,124471.0,-3607.0,-3607.0,0.0,-1327.0,,,,,,,,,,,,,,,
SBNY,23,SBNY,2017-06-30,316790.0,307240.0,361937.0,292752.0,292752.0,69185.0,,,,54697.0,40311.0,,12361.0,2025.0,,9550.0,,9118.0,9118.0,6067.0,,3051.0,,,,432.0,1598.0,1956.0,-3122.0,,-187590.0,116273.0,7985.0,,,2667.0,105621.0,105621.0,68358.0,6839.0,30424.0,,,,,,,,,,,,,,12927.0,-1030.0,13957.0,13957.0,13957.0,13957.0,,,,13957.0,0.26,0.26,54083.0,54290.0,119650.0,13957.0,16830.0,,2920.0,13957.0,-3122.0,-3122.0,0.0,-248.8234,,,,,,,,,,,,,,,
SBNY,24,SBNY,2017-03-31,311631.0,301756.0,350606.0,282959.0,282959.0,67647.0,,,,48850.0,34802.0,,10657.0,3391.0,,9875.0,,8955.0,8955.0,5948.0,,3007.0,,,,920.0,689.0,2497.0,-2266.0,,-19630.0,103199.0,8085.0,,,3374.0,91740.0,91740.0,66386.0,6142.0,19212.0,,,,,,,,,,,,,,188802.0,54886.0,133916.0,133916.0,133916.0,133916.0,,,,133916.0,2.49,2.48,53718.0,54099.0,282126.0,133916.0,135523.0,,2836.0,133916.0,-2266.0,-2266.0,0.0,-659.406,,,,,,,,,,,,,,,
SBNY,25,SBNY,2016-12-31,306891.0,296816.0,342290.0,277091.0,277091.0,65199.0,,,,45474.0,33378.0,,9372.0,2724.0,,10075.0,,9244.0,9244.0,5802.0,,3442.0,,,,831.0,431.0,1701.0,-1301.0,,-22233.0,95919.0,7759.0,,,3249.0,84911.0,84911.0,58940.0,6298.0,19673.0,,,,,,,,,,,,,,188739.0,74802.0,113937.0,113937.0,113937.0,113937.0,,,,113937.0,,,,,274583.0,113937.0,114722.0,,2631.0,113937.0,-1301.0,-1301.0,0.0,-515.6189,,,,,,,,,,,,,,,
ZION,5,ZION,2022-03-31,686000.0,544000.0,555000.0,437000.0,437000.0,118000.0,,,,11000.0,6000.0,,5000.0,,,142000.0,,151000.0,151000.0,83000.0,14000.0,14000.0,,2000.0,,-11000.0,-11000.0,,,,33000.0,464000.0,38000.0,38000.0,52000.0,14000.0,330000.0,322000.0,312000.0,10000.0,,,,,,,82000.0,,0.0,,,,,,255000.0,52000.0,195000.0,203000.0,203000.0,203000.0,,8000.0,,195000.0,1.27,1.27,151285.0,151687.0,577000.0,203000.0,203000.0,,19000.0,203000.0,0.0,0.0,0.0,0.0,15000.0,,,8000.0,0.0,,,,25000.0,,,,,,
ZION,6,ZION,2021-12-31,743000.0,553000.0,566000.0,471000.0,471000.0,95000.0,,,,13000.0,7000.0,,6000.0,,,190000.0,,152000.0,152000.0,75000.0,13000.0,15000.0,,19000.0,,19000.0,19000.0,,,,-25000.0,449000.0,65000.0,32000.0,33000.0,15000.0,295000.0,289000.0,282000.0,7000.0,,,,,,,74000.0,,0.0,,,,,,269000.0,56000.0,207000.0,213000.0,213000.0,213000.0,,6000.0,,207000.0,1.34,1.34,153248.0,153635.0,528000.0,213000.0,213000.0,,8000.0,213000.0,0.0,0.0,0.0,0.0,24000.0,,,6000.0,0.0,,,,25000.0,,,,,,
ZION,7,ZION,2021-09-30,694000.0,555000.0,569000.0,484000.0,484000.0,85000.0,,,,14000.0,7000.0,,7000.0,,,139000.0,,151000.0,151000.0,81000.0,13000.0,15000.0,,9000.0,,-21000.0,-21000.0,,,,46000.0,428000.0,64000.0,33000.0,31000.0,16000.0,294000.0,290000.0,285000.0,5000.0,,,,,,,54000.0,,-1000.0,,,,,,311000.0,71000.0,234000.0,240000.0,240000.0,240000.0,,6000.0,,234000.0,1.45,1.45,160221.0,160480.0,601000.0,240000.0,240772.0,,-11000.0,240000.0,-1000.0,-1000.0,0.0,-228.0,17000.0,,,4000.0,1000.0,,,,25000.0,,,,,,
ZION,8,ZION,2021-06-30,760000.0,555000.0,570000.0,492000.0,492000.0,78000.0,,,,15000.0,7000.0,,8000.0,,,205000.0,,139000.0,139000.0,73000.0,12000.0,13000.0,,8000.0,,58000.0,58000.0,,,,123000.0,428000.0,65000.0,33000.0,32000.0,17000.0,282000.0,278000.0,272000.0,6000.0,,,,,,,64000.0,,,,,,,,455000.0,101000.0,345000.0,354000.0,354000.0,354000.0,,9000.0,,345000.0,2.08,2.08,162742.0,163054.0,678000.0,354000.0,354000.0,,-8000.0,354000.0,,,0.0,0.0,17000.0,,,4000.0,,,,,24000.0,,,,,,
ZION,9,ZION,2021-03-31,714000.0,545000.0,562000.0,488000.0,488000.0,74000.0,3000.0,,,17000.0,9000.0,,8000.0,,,169000.0,,133000.0,133000.0,74000.0,12000.0,11000.0,,7000.0,,29000.0,29000.0,,,,132000.0,435000.0,65000.0,33000.0,32000.0,20000.0,300000.0,295000.0,288000.0,7000.0,,,,,,,50000.0,,,,,,,,411000.0,89000.0,314000.0,322000.0,322000.0,322000.0,,8000.0,,314000.0,1.9,1.9,163551.0,163887.0,677000.0,322000.0,322000.0,3000.0,-3000.0,322000.0,,,0.0,0.0,15000.0,,,5000.0,,,,,21000.0,,,,,,
ZION,10,ZION,2020-12-31,716000.0,550000.0,571000.0,499000.0,499000.0,72000.0,3000.0,,,21000.0,13000.0,,8000.0,,,166000.0,,139000.0,139000.0,75000.0,16000.0,7000.0,,7000.0,,20000.0,20000.0,,,,67000.0,422000.0,63000.0,33000.0,30000.0,19000.0,289000.0,283000.0,277000.0,6000.0,,,,,,,51000.0,,-2000.0,,,,,,359000.0,75000.0,275000.0,284000.0,284000.0,284000.0,,9000.0,,275000.0,1.66,1.66,163658.0,163900.0,617000.0,284000.0,285582.0,3000.0,11000.0,284000.0,-2000.0,-2000.0,0.0,-418.0,19000.0,,,6000.0,2000.0,,,,22000.0,,,,,,
ZION,11,ZION,2020-09-30,712000.0,555000.0,581000.0,505000.0,505000.0,76000.0,2000.0,,,26000.0,18000.0,,8000.0,,,157000.0,,139000.0,139000.0,81000.0,14000.0,7000.0,,6000.0,16000.0,12000.0,12000.0,,,,-55000.0,440000.0,65000.0,33000.0,32000.0,12000.0,283000.0,276000.0,269000.0,7000.0,,,,,,,80000.0,,-2000.0,,,,,,215000.0,40000.0,167000.0,175000.0,175000.0,175000.0,,8000.0,,167000.0,1.01,1.01,163608.0,163779.0,500000.0,175000.0,176628.0,2000.0,12000.0,175000.0,-2000.0,-2000.0,0.0,-372.0,16000.0,,,7000.0,2000.0,,,,21000.0,,,,,,
ZION,12,ZION,2020-06-30,680000.0,563000.0,595000.0,514000.0,514000.0,81000.0,1000.0,,1000.0,32000.0,23000.0,,9000.0,,,117000.0,,130000.0,130000.0,72000.0,15000.0,6000.0,,3000.0,,-16000.0,-16000.0,,,,-168000.0,430000.0,64000.0,32000.0,32000.0,10000.0,277000.0,274000.0,267000.0,7000.0,,,,,,,79000.0,,,,,,,,82000.0,16000.0,57000.0,66000.0,66000.0,66000.0,,9000.0,,57000.0,0.34,0.34,163542.0,164425.0,395000.0,66000.0,66000.0,1000.0,18000.0,66000.0,,,0.0,0.0,18000.0,,,3000.0,,,,,19000.0,,,,,,
ZION,13,ZION,2020-03-31,682000.0,548000.0,622000.0,532000.0,532000.0,90000.0,8000.0,,8000.0,74000.0,51000.0,,23000.0,,,134000.0,,143000.0,143000.0,76000.0,16000.0,6000.0,,-3000.0,,-6000.0,-6000.0,,,,-258000.0,407000.0,65000.0,33000.0,32000.0,12000.0,282000.0,279000.0,274000.0,5000.0,,,,,,,48000.0,,-1000.0,,,,,,16000.0,2000.0,6000.0,14000.0,14000.0,14000.0,,8000.0,,6000.0,0.04,0.04,164143.0,172998.0,290000.0,14000.0,14875.0,8000.0,45000.0,14000.0,-1000.0,-1000.0,0.0,-125.0,24000.0,,,3000.0,1000.0,,,,21000.0,,,,,,
ZION,14,ZION,2019-12-31,711000.0,559000.0,647000.0,557000.0,557000.0,90000.0,7000.0,,7000.0,88000.0,62000.0,,26000.0,,,152000.0,,134000.0,134000.0,70000.0,16000.0,6000.0,,16000.0,,2000.0,2000.0,,,,-4000.0,435000.0,68000.0,34000.0,34000.0,13000.0,314000.0,311000.0,305000.0,6000.0,,,,,,,40000.0,,-37000.0,,,,,,235000.0,52000.0,174000.0,183000.0,183000.0,183000.0,,9000.0,,174000.0,1.03,0.97,167078.0,178718.0,555000.0,183000.0,211823.0,7000.0,45000.0,183000.0,-37000.0,-37000.0,0.0,-8177.0,19000.0,,,3000.0,37000.0,,,,23000.0,,,,,,
ZION,15,ZION,2019-09-30,713000.0,567000.0,677000.0,581000.0,581000.0,96000.0,8000.0,,8000.0,110000.0,69000.0,,41000.0,,,146000.0,,140000.0,140000.0,72000.0,16000.0,5000.0,,4000.0,,2000.0,2000.0,,,,-10000.0,413000.0,68000.0,34000.0,34000.0,10000.0,286000.0,280000.0,273000.0,7000.0,,,,,,,49000.0,,-2000.0,,,,,,288000.0,66000.0,214000.0,222000.0,222000.0,222000.0,,8000.0,,214000.0,1.23,1.17,173160.0,181870.0,557000.0,222000.0,223542.0,8000.0,50000.0,222000.0,-2000.0,-2000.0,0.0,-458.0,23000.0,,,6000.0,2000.0,,,,24000.0,,,,,,
ZION,16,ZION,2019-06-30,701000.0,569000.0,684000.0,581000.0,581000.0,103000.0,8000.0,,8000.0,115000.0,66000.0,,49000.0,,,132000.0,,121000.0,121000.0,99000.0,13000.0,9000.0,,9000.0,9000.0,6000.0,-3000.0,9000.0,,-4000.0,-21000.0,423000.0,67000.0,32000.0,35000.0,13000.0,285000.0,280000.0,274000.0,6000.0,,,,,,,58000.0,,-1000.0,,,,,,256000.0,58000.0,189000.0,198000.0,198000.0,198000.0,,9000.0,,189000.0,1.05,0.99,179156.0,189098.0,548000.0,198000.0,198773.0,8000.0,49000.0,198000.0,-1000.0,-1000.0,0.0,-227.0,,,,5000.0,1000.0,,,,,,,,,,
ZION,17,ZION,2019-03-31,708000.0,576000.0,675000.0,570000.0,570000.0,105000.0,9000.0,,9000.0,99000.0,57000.0,,42000.0,,,132000.0,,115000.0,115000.0,94000.0,13000.0,8000.0,,9000.0,8000.0,6000.0,1000.0,5000.0,,2000.0,-4000.0,430000.0,65000.0,33000.0,32000.0,11000.0,298000.0,293000.0,287000.0,6000.0,,,,,,,56000.0,,,,,,,,274000.0,61000.0,205000.0,213000.0,213000.0,213000.0,,8000.0,,205000.0,1.1,1.04,184767.0,195241.0,572000.0,213000.0,213000.0,9000.0,44000.0,213000.0,,,0.0,0.0,,,,5000.0,,,,,,,,,,,
ZION,18,ZION,2018-12-31,716000.0,576000.0,656000.0,555000.0,555000.0,101000.0,8000.0,,8000.0,80000.0,48000.0,,32000.0,,,140000.0,,122000.0,122000.0,100000.0,13000.0,9000.0,,10000.0,9000.0,8000.0,2000.0,6000.0,,0.0,-7000.0,417000.0,66000.0,35000.0,31000.0,15000.0,282000.0,276000.0,270000.0,6000.0,,,,,,,54000.0,,-2000.0,,,,,,290000.0,64000.0,217000.0,226000.0,226000.0,226000.0,,9000.0,,217000.0,1.14,1.08,189169.0,199048.0,569000.0,226000.0,227558.0,8000.0,52000.0,226000.0,-2000.0,-2000.0,0.0,-442.0,,,,6000.0,2000.0,,,,,,,,,,
ZION,19,ZION,2018-09-30,701000.0,565000.0,631000.0,537000.0,537000.0,94000.0,8000.0,,8000.0,66000.0,38000.0,,28000.0,,,136000.0,,120000.0,120000.0,101000.0,12000.0,7000.0,,11000.0,7000.0,4000.0,-1000.0,5000.0,,1000.0,11000.0,417000.0,63000.0,33000.0,30000.0,12000.0,290000.0,282000.0,264000.0,18000.0,,,,,,,52000.0,,-3000.0,,,,,,292000.0,69000.0,215000.0,223000.0,223000.0,223000.0,,8000.0,,215000.0,1.11,1.04,192973.0,205765.0,576000.0,223000.0,225292.0,8000.0,49000.0,223000.0,-3000.0,-3000.0,0.0,-708.0,,,,8000.0,3000.0,,,,,,,,,,
ZION,20,ZION,2018-06-30,686000.0,548000.0,606000.0,514000.0,514000.0,92000.0,7000.0,,7000.0,58000.0,29000.0,,29000.0,,,138000.0,,118000.0,118000.0,97000.0,14000.0,7000.0,,11000.0,7000.0,8000.0,1000.0,7000.0,,1000.0,-5000.0,427000.0,64000.0,32000.0,32000.0,14000.0,287000.0,280000.0,266000.0,14000.0,,,,,,,62000.0,,-1000.0,,,,,,253000.0,56000.0,187000.0,197000.0,197000.0,197000.0,,10000.0,,187000.0,0.95,0.89,195583.0,209247.0,543000.0,197000.0,197779.0,7000.0,49000.0,197000.0,-1000.0,-1000.0,0.0,-221.0,,,,7000.0,1000.0,,,,,,,,,,
ZION,21,ZION,2018-03-31,680000.0,542000.0,589000.0,497000.0,497000.0,92000.0,6000.0,,6000.0,47000.0,20000.0,,27000.0,,,138000.0,,117000.0,117000.0,97000.0,12000.0,8000.0,,11000.0,8000.0,6000.0,0.0,6000.0,,4000.0,40000.0,412000.0,64000.0,31000.0,33000.0,12000.0,287000.0,282000.0,269000.0,13000.0,,,,,,,49000.0,,,,,,,,308000.0,70000.0,231000.0,238000.0,238000.0,238000.0,,7000.0,,231000.0,1.16,1.09,196722.0,210243.0,582000.0,238000.0,238000.0,6000.0,43000.0,238000.0,,,0.0,0.0,,,,5000.0,,,,,,,,,,,
ZION,22,ZION,2017-12-31,665000.0,526000.0,562000.0,477000.0,477000.0,85000.0,5000.0,,5000.0,36000.0,17000.0,,19000.0,,,139000.0,,121000.0,121000.0,100000.0,12000.0,9000.0,,10000.0,9000.0,6000.0,0.0,6000.0,,2000.0,11000.0,415000.0,63000.0,29000.0,34000.0,12000.0,272000.0,267000.0,254000.0,13000.0,,1000.0,1000.0,1000.0,1000.0,,67000.0,,-2000.0,,,,,,259000.0,136000.0,114000.0,123000.0,123000.0,123000.0,,9000.0,,114000.0,0.57,0.54,198648.0,209681.0,537000.0,123000.0,124200.0,5000.0,1000.0,123000.0,-2000.0,-2000.0,0.0,-800.0,,,,5000.0,2000.0,,,,,,,,,,
ZION,23,ZION,2017-09-30,661000.0,522000.0,557000.0,468000.0,468000.0,89000.0,5000.0,,5000.0,35000.0,15000.0,,20000.0,,,139000.0,,116000.0,116000.0,97000.0,11000.0,8000.0,,9000.0,8000.0,11000.0,5000.0,6000.0,,3000.0,-5000.0,411000.0,67000.0,35000.0,32000.0,14000.0,274000.0,268000.0,253000.0,15000.0,,2000.0,2000.0,2000.0,2000.0,,54000.0,,-2000.0,,,,,,243000.0,83000.0,152000.0,160000.0,160000.0,160000.0,,8000.0,,152000.0,0.75,0.72,200332.0,209106.0,517000.0,160000.0,161316.0,5000.0,2000.0,160000.0,-2000.0,-2000.0,0.0,-684.0,,,,6000.0,2000.0,,,,,,,,,,
ZION,24,ZION,2017-06-30,660000.0,528000.0,558000.0,469000.0,469000.0,89000.0,5000.0,,5000.0,30000.0,14000.0,,16000.0,,,132000.0,,115000.0,115000.0,99000.0,10000.0,6000.0,,10000.0,6000.0,8000.0,2000.0,6000.0,,-1000.0,-7000.0,404000.0,64000.0,32000.0,32000.0,13000.0,261000.0,255000.0,242000.0,13000.0,,2000.0,2000.0,2000.0,2000.0,,64000.0,,-1000.0,,,,,,248000.0,80000.0,154000.0,168000.0,168000.0,168000.0,,12000.0,,154000.0,0.76,0.73,201822.0,208183.0,521000.0,168000.0,168677.0,5000.0,2000.0,168000.0,-1000.0,-1000.0,0.0,-323.0,,,,6000.0,1000.0,,,,,,,,,,
ZION,25,ZION,2017-03-31,621000.0,489000.0,515000.0,433000.0,433000.0,82000.0,4000.0,,4000.0,26000.0,13000.0,,13000.0,,,132000.0,,108000.0,108000.0,91000.0,10000.0,7000.0,,12000.0,7000.0,12000.0,5000.0,7000.0,,,-23000.0,408000.0,65000.0,33000.0,32000.0,14000.0,279000.0,274000.0,262000.0,12000.0,,2000.0,2000.0,2000.0,2000.0,,48000.0,,-6000.0,,,,,,184000.0,45000.0,129000.0,139000.0,139000.0,139000.0,,10000.0,,129000.0,0.63,0.61,202347.0,210405.0,466000.0,139000.0,143530.0,4000.0,2000.0,139000.0,-6000.0,-6000.0,0.0,-1470.0,,,,5000.0,6000.0,,,,,,,,,,
ZION,26,ZION,2016-12-31,608714.0,480470.0,501766.0,438031.0,438031.0,63735.0,4161.0,,4161.0,21296.0,12984.0,,8312.0,,,128244.0,,111965.0,111965.0,95471.0,10719.0,5775.0,,4143.0,5775.0,9471.0,3463.0,6008.0,,2665.0,2687.0,400736.0,65359.0,32337.0,33022.0,16921.0,257131.0,251869.0,240601.0,11268.0,,1909.0,1909.0,1909.0,1909.0,,59416.0,,-3779.0,,,0.0,,,206886.0,69485.0,124990.0,137401.0,137401.0,137401.0,,12411.0,,124990.0,0.61,0.6,202886.0,205446.0,483157.0,137401.0,139910.0,4161.0,1909.0,137401.0,-3779.0,-3779.0,0.0,-1270.0,,,,5262.0,3779.0,,,,,,,,,,
DB,5,DB,2022-03-31,7292000.0,2877000.0,4425000.0,,,,,,,1548000.0,,,,,,4415000.0,,2756000.0,2756000.0,,,,,,,1468000.0,1468000.0,,,191000.0,-292000.0,5347000.0,,,,,5395000.0,5395000.0,2657000.0,,2738000.0,,,,,,-48000.0,29000.0,-24000.0,,0.0,,19000.0,,1658000.0,431000.0,1060000.0,1187000.0,1227000.0,1227000.0,,,,1060000.0,0.57,0.55,2092400.0,2142600.0,2585000.0,1187000.0,1204760.0,,,1187000.0,-24000.0,-24000.0,0.0,-6240.0,,,,,5000.0,,,-40000.0,,,,,,,
DB,6,DB,2021-12-31,5846000.0,2923000.0,4268000.0,,,,,,,1345000.0,,,,,,2923000.0,,2987000.0,2987000.0,,,,,,,99000.0,99000.0,,,-163000.0,-254000.0,4952000.0,,,,,5408000.0,5408000.0,2715000.0,,2693000.0,,,,,,-456000.0,42000.0,-600000.0,,2000.0,,143000.0,,82000.0,-234000.0,145000.0,263000.0,315000.0,316000.0,,,,145000.0,0.13,0.12,2097000.0,2153000.0,2669000.0,263000.0,683000.0,,,263000.0,-600000.0,-600000.0,0.0,-180000.0,,,,,455000.0,,,-52000.0,,,,,,,
DB,7,DB,2021-09-30,6049000.0,2773000.0,4147000.0,,,,,,,1374000.0,,,,,,3276000.0,,2634000.0,2634000.0,,,,,,,729000.0,729000.0,,,-87000.0,-117000.0,5360000.0,,,,,5360000.0,5360000.0,2520000.0,,2840000.0,,,,,,87000.0,-8000.0,-8000.0,,3000.0,,,,554000.0,225000.0,194000.0,306000.0,329000.0,329000.0,,,,194000.0,0.15,0.14,2096400.0,2143600.0,2656000.0,306000.0,311600.0,,,306000.0,-8000.0,-8000.0,0.0,-2400.0,,,,,5000.0,,,-23000.0,,,,,,,
DB,8,DB,2021-06-30,6164000.0,2658000.0,3950000.0,,,,,,,1292000.0,,,,,,3506000.0,,2010000.0,2757000.0,1384000.0,936000.0,,747000.0,,,185000.0,185000.0,,,-86000.0,-75000.0,4628000.0,,,,,4912000.0,4912000.0,2551000.0,,2361000.0,,,,,,-284000.0,40000.0,-335000.0,,0.0,,113000.0,,1165000.0,338000.0,692000.0,795000.0,828000.0,827000.0,,,,692000.0,0.21,0.2,2096400.0,2141800.0,2583000.0,795000.0,1032850.0,,,795000.0,-335000.0,-335000.0,0.0,-97150.0,437000.0,564000.0,833000.0,,222000.0,,,-33000.0,,,,,,,
DB,9,DB,2021-03-31,7499000.0,2796000.0,4275000.0,,,,,,,1479000.0,,,,,,4703000.0,,2739000.0,2739000.0,,,,,,,1708000.0,1708000.0,,,256000.0,-69000.0,5322000.0,,,,,5479000.0,5479000.0,2631000.0,,2848000.0,,,,,,-157000.0,25000.0,-228000.0,,,,54000.0,,1905000.0,661000.0,1115000.0,1208000.0,1244000.0,1244000.0,,,,1115000.0,0.48,0.47,2096200.0,2139700.0,2727000.0,1208000.0,1356888.0,,,1208000.0,-228000.0,-228000.0,0.0,-79112.0,,,,,174000.0,,,-36000.0,,,,,,,
DB,10,DB,2020-12-31,5462000.0,2565000.0,3903000.0,,,,,,,1338000.0,,,,,,2897000.0,,2459000.0,2459000.0,,,,,,,595000.0,595000.0,,,-157000.0,-251000.0,4924000.0,,,,,4924000.0,4924000.0,2475000.0,,2449000.0,,,,,,157000.0,38000.0,-103000.0,,0.0,,-3000.0,,222000.0,8000.0,173000.0,173000.0,215000.0,214000.0,,,,173000.0,0.08,0.08,2103000.0,2149000.0,2314000.0,173000.0,267760.0,,,173000.0,-103000.0,-103000.0,0.0,-8240.0,,,,,103000.0,,,-42000.0,,,,,,,
DB,11,DB,2020-09-30,5922000.0,2626000.0,4032000.0,,,,,,,1406000.0,,,,,,3296000.0,,2299000.0,2299000.0,,,,,,,1027000.0,1027000.0,,,-30000.0,-273000.0,4817000.0,,,,,4999000.0,4999000.0,2663000.0,,2336000.0,,,,,,-182000.0,22000.0,-361000.0,,0.0,,14000.0,,494000.0,177000.0,191000.0,286000.0,317000.0,317000.0,,,,191000.0,0.13,0.13,2104200.0,2157300.0,2353000.0,286000.0,517040.0,,,286000.0,-361000.0,-361000.0,0.0,-129960.0,,,,,347000.0,,,-31000.0,,,,,,,
DB,12,DB,2020-06-30,6215000.0,3093000.0,4490000.0,,,,,,,1397000.0,,,,,,3122000.0,,1813000.0,2503000.0,1310000.0,818000.0,,690000.0,,,-90000.0,-90000.0,,,-38000.0,-761000.0,4925000.0,,,,,5244000.0,5244000.0,2645000.0,,2599000.0,,,,,,-319000.0,45000.0,-417000.0,,0.0,,140000.0,,158000.0,97000.0,-77000.0,28000.0,61000.0,61000.0,,,,-77000.0,-0.15,-0.15,2111000.0,2111000.0,2332000.0,28000.0,319900.0,,,28000.0,-417000.0,-417000.0,0.0,-125100.0,375000.0,413000.0,1024000.0,,277000.0,,,-32000.0,,,,,,,
DB,13,DB,2020-03-31,6187000.0,3262000.0,5492000.0,,,,,,,2230000.0,,,,,,2925000.0,,2439000.0,2439000.0,,,,,,,416000.0,416000.0,,,70000.0,-506000.0,5466000.0,,,,,5550000.0,5550000.0,2689000.0,,2861000.0,,,,,,-84000.0,15000.0,-156000.0,,0.0,,-16000.0,,74000.0,78000.0,-27000.0,-27000.0,-4000.0,-4000.0,,,,-27000.0,-0.01,-0.01,2121300.0,2121300.0,2756000.0,-27000.0,82200.0,,,-27000.0,-156000.0,-156000.0,0.0,-46800.0,,,,,172000.0,,,-23000.0,,,,,,,
DB,14,DB,2019-12-31,5304000.0,3382000.0,5543000.0,,,,,,,2161000.0,,,,,,1922000.0,,2339000.0,2339000.0,,,,,,,-188000.0,-188000.0,,,-229000.0,-247000.0,5314000.0,,,,,6008000.0,6008000.0,2691000.0,,3317000.0,,,,,,-694000.0,23000.0,-1060000.0,,0.0,,-21000.0,,-1293000.0,191000.0,-1518000.0,-1518000.0,-1483000.0,-1484000.0,,,,-1518000.0,-0.72,-0.72,2117000.0,2117000.0,3135000.0,-1518000.0,-776000.0,,,-1518000.0,-1060000.0,-1060000.0,0.0,-318000.0,,,,,1081000.0,,,-35000.0,,,,,,,
DB,15,DB,2019-09-30,5236000.0,3434000.0,6299000.0,,,,,,,2865000.0,,,,,,1802000.0,,2316000.0,2316000.0,,,,,,,-412000.0,-412000.0,,,-102000.0,-175000.0,5107000.0,,,,,5303000.0,5303000.0,2773000.0,,2530000.0,,,,,,-196000.0,8000.0,-650000.0,,135000.0,,95000.0,,-687000.0,145000.0,-942000.0,-859000.0,-832000.0,-832000.0,,,,-942000.0,-0.41,-0.41,2111600.0,2111600.0,3259000.0,-859000.0,-404000.0,,,-859000.0,-650000.0,-650000.0,0.0,-195000.0,,,,,420000.0,,,-27000.0,,,,,,,
DB,16,DB,2019-06-30,6127000.0,3631000.0,6805000.0,,,,,,,3174000.0,,,,,,2496000.0,,2050000.0,2761000.0,1330000.0,903000.0,,711000.0,,,90000.0,90000.0,,,-218000.0,-161000.0,5368000.0,,,,,5410000.0,5410000.0,2813000.0,,2597000.0,,,,,,-42000.0,45000.0,-1596000.0,,1363000.0,,141000.0,,-946000.0,2204000.0,-3190000.0,-3190000.0,-3150000.0,-3150000.0,,,,-3190000.0,-1.66,-1.66,2114000.0,2114000.0,3470000.0,-3190000.0,-2072800.0,,,-3190000.0,-1596000.0,-1596000.0,0.0,-478800.0,528000.0,426000.0,148000.0,,92000.0,,,-40000.0,,,,,,,
DB,17,DB,2019-03-31,6274000.0,3303000.0,6502000.0,,,,,,,3199000.0,,,,,,2971000.0,,2382000.0,2382000.0,,,,,,,815000.0,815000.0,,,-226000.0,-140000.0,5976000.0,,,,,5953000.0,5953000.0,2866000.0,,3087000.0,,,,,,23000.0,33000.0,100000.0,,0.0,,-60000.0,,292000.0,91000.0,178000.0,178000.0,201000.0,201000.0,,,,178000.0,0.08,0.08,2096900.0,2152200.0,3163000.0,178000.0,109164.0,,,178000.0,100000.0,100000.0,0.0,31164.0,,,,,-40000.0,,,-23000.0,,,,,,,
DB,18,DB,2018-12-31,5552000.0,3494000.0,6010000.0,,,,,,,2516000.0,,,,,,2058000.0,,1842000.0,2527000.0,1219000.0,811000.0,,685000.0,,,121000.0,-1077000.0,,,635000.0,-252000.0,5406000.0,411000.0,,,389000.0,4686000.0,4619000.0,2903000.0,,1716000.0,,,,,,-80000.0,22000.0,-234000.0,,14000.0,,39000.0,,-320000.0,89000.0,-425000.0,-425000.0,-409000.0,-409000.0,,,,-425000.0,,,,,3242000.0,-425000.0,-261200.0,,,-425000.0,-234000.0,-234000.0,0.0,-70200.0,497000.0,383000.0,-926000.0,67000.0,181000.0,,,-17000.0,,,,,,,
DB,19,DB,2018-09-30,6152000.0,3357000.0,6068000.0,,,,,,,2711000.0,,,,,,2795000.0,,2103000.0,2788000.0,1437000.0,846000.0,,685000.0,,,267000.0,267000.0,,,-36000.0,-90000.0,5462000.0,441000.0,,,358000.0,4689000.0,4623000.0,2859000.0,,1764000.0,,,,,,-26000.0,21000.0,-117000.0,,0.0,,14000.0,,506000.0,277000.0,211000.0,211000.0,229000.0,229000.0,,,,211000.0,0.1,0.1,2104300.0,2157300.0,3267000.0,211000.0,292900.0,,,211000.0,-117000.0,-117000.0,0.0,-35100.0,505000.0,350000.0,111000.0,66000.0,103000.0,,,-18000.0,,,,,,,
DB,20,DB,2018-06-30,6516000.0,3429000.0,6678000.0,,,,,,,3249000.0,,,,,,3087000.0,,2167000.0,2898000.0,1470000.0,882000.0,,731000.0,,,446000.0,446000.0,,,146000.0,-95000.0,5578000.0,436000.0,,,391000.0,4808000.0,4730000.0,3050000.0,,1680000.0,,,,,,-57000.0,74000.0,-208000.0,,0.0,,-31000.0,,711000.0,310000.0,69000.0,361000.0,401000.0,401000.0,,,,69000.0,0.03,0.03,2104000.0,2155300.0,3334000.0,361000.0,506600.0,,,361000.0,-208000.0,-208000.0,0.0,-62400.0,546000.0,503000.0,-175000.0,78000.0,239000.0,,,-40000.0,,,,,,,
DB,21,DB,2018-03-31,6874000.0,2913000.0,6206000.0,,,,,,,3293000.0,,,,,,3961000.0,,2690000.0,2690000.0,,,,,,,1305000.0,1305000.0,,,-34000.0,-88000.0,6434000.0,,,,,6392000.0,6392000.0,3002000.0,0.0,3390000.0,,,,,,42000.0,102000.0,-23000.0,,0.0,,66000.0,,432000.0,312000.0,120000.0,120000.0,120000.0,120000.0,,,,120000.0,0.06,0.06,2094600.0,2151300.0,2825000.0,120000.0,136100.0,,,120000.0,-23000.0,-23000.0,0.0,-6900.0,,,,,-43000.0,,,0.0,,,,,,,
DB,22,DB,2017-12-31,5697000.0,3009000.0,5863000.0,,,,,,,2854000.0,,,,,,2688000.0,,2646000.0,2646000.0,,,,,,,537000.0,537000.0,,,-495000.0,-129000.0,6400000.0,504000.0,,,509000.0,6563000.0,6563000.0,3379000.0,0.0,3184000.0,,,,,,-163000.0,12000.0,-586000.0,,15000.0,,131000.0,,-1406000.0,1019000.0,-2415000.0,-2415000.0,-2425000.0,-2425000.0,,,,-2415000.0,-1.15,-1.15,2094600.0,2094600.0,2880000.0,-2415000.0,-2003569.0,,,-2415000.0,-586000.0,-586000.0,0.0,-174569.0,,,379000.0,109000.0,440000.0,,,10000.0,,,,,,,
DB,23,DB,2017-09-30,6754000.0,3387000.0,5808000.0,,,,,,,2421000.0,,,,,,3367000.0,,2582000.0,2582000.0,890000.0,1060000.0,,,,,236000.0,236000.0,,,68000.0,-184000.0,5549000.0,447000.0,,,410000.0,4673000.0,4599000.0,2806000.0,0.0,1793000.0,,,,,,19000.0,21000.0,-109000.0,,0.0,,140000.0,,933000.0,284000.0,647000.0,647000.0,649000.0,649000.0,,,,647000.0,0.31,0.3,2095800.0,2151700.0,3203000.0,647000.0,722821.0,,,647000.0,-109000.0,-109000.0,0.0,-33179.0,632000.0,,481000.0,74000.0,-31000.0,,,-2000.0,,,,,,,
DB,24,DB,2017-06-30,6531000.0,3108000.0,5630000.0,,,,,,,2522000.0,,,,,,3423000.0,,2839000.0,2839000.0,923000.0,1123000.0,,,,,-156000.0,-156000.0,,,-338000.0,-79000.0,5639000.0,449000.0,,,431000.0,4790000.0,4724000.0,2921000.0,0.0,1803000.0,,,,,,-31000.0,84000.0,-75000.0,,6000.0,,-26000.0,,822000.0,357000.0,159000.0,447000.0,466000.0,465000.0,,,,159000.0,0.08,0.07,2086000.0,2140200.0,3029000.0,447000.0,499658.0,,,447000.0,-75000.0,-75000.0,0.0,-22342.0,793000.0,,1078000.0,66000.0,95000.0,,,-19000.0,,,,,,,
DB,25,DB,2017-03-31,7326000.0,3067000.0,6138000.0,,,,,,,3071000.0,,,,,,4259000.0,,2935000.0,2935000.0,1025000.0,1054000.0,,,,,-208000.0,-208000.0,,,97000.0,-133000.0,6421000.0,449000.0,,,419000.0,5510000.0,5450000.0,3147000.0,0.0,2303000.0,,,,,,43000.0,20000.0,88000.0,,0.0,,-31000.0,,878000.0,303000.0,571000.0,571000.0,575000.0,575000.0,,,,571000.0,0.36,0.34,1579700.0,1655000.0,2934000.0,571000.0,513800.0,,,571000.0,88000.0,88000.0,0.0,30800.0,856000.0,,1435000.0,60000.0,-57000.0,,,-4000.0,,,,,,,
DB,26,DB,2016-12-31,7057000.0,3359000.0,6318000.0,,,,,,,2959000.0,,,,,,3698000.0,,2919000.0,6174000.0,,,,,,,-378000.0,-452000.0,,,1152000.0,-507000.0,6119000.0,581000.0,,,672000.0,4930000.0,4822000.0,2827000.0,89000.0,1906000.0,,,,,,-64000.0,28000.0,-2877000.0,,1173000.0,,1588000.0,,-2416000.0,-525000.0,-1890000.0,-1890000.0,-1890000.0,-1891000.0,,,,-1890000.0,,,,,2852000.0,-1890000.0,372782.0,,,-1890000.0,-2891000.0,-2891000.0,0.0,-628218.0,,,-289000.0,108000.0,113000.0,,,2000.0,,,,,,,
MTB,5,MTB,2022-03-31,1445061.0,904174.0,928256.0,870600.0,,39182.0,18280.0,,194.0,24082.0,8144.0,1.0,15937.0,,,540887.0,,400058.0,400058.0,210655.0,169213.0,,,,,-743.0,-743.0,,,136203.0,-10000.0,942369.0,85812.0,,,,609120.0,593096.0,577520.0,15576.0,,1256.0,1256.0,1256.0,1256.0,,246181.0,,-17372.0,,,,,,475320.0,113146.0,339590.0,362174.0,362174.0,362174.0,,21765.0,2.0,339590.0,2.63,2.62,129122.0,129416.0,894174.0,362174.0,375411.0,18280.0,1256.0,362174.0,-17372.0,-17372.0,0.0,-4135.0,20190.0,,5369.0,16024.0,17372.0,,,,,,,,,,
MTB,6,MTB,2021-12-31,1512430.0,933793.0,958518.0,905019.0,,36313.0,16984.0,,202.0,24725.0,9410.0,2.0,15313.0,,,578637.0,,432409.0,432409.0,244659.0,168827.0,,,,,1426.0,1426.0,,,138775.0,15000.0,906310.0,82641.0,,,,555101.0,533873.0,515043.0,18830.0,,1954.0,1954.0,1954.0,1954.0,,266614.0,,-21190.0,,,,,,599930.0,141962.0,434171.0,457968.0,457968.0,457968.0,,21765.0,,434171.0,3.37,3.37,128834.0,128888.0,948793.0,457968.0,474144.0,16984.0,1954.0,457968.0,-21190.0,-21190.0,0.0,-5014.0,18923.0,,6027.0,21228.0,21190.0,,,,,,,,,,
MTB,7,MTB,2021-09-30,1536376.0,967250.0,992946.0,944422.0,,33257.0,14923.0,,344.0,25696.0,10573.0,2.0,15121.0,,,569126.0,,442787.0,442787.0,265421.0,156876.0,,,,,291.0,291.0,,,120485.0,20000.0,890508.0,80738.0,,,,544440.0,529232.0,510422.0,18810.0,,2738.0,2738.0,2738.0,2738.0,,262592.0,,-8826.0,,,,,,657042.0,161582.0,475961.0,495460.0,495460.0,495460.0,,17050.0,,475961.0,3.7,3.69,128638.0,128844.0,987250.0,495460.0,502115.0,14923.0,2738.0,495460.0,-8826.0,-8826.0,0.0,-2171.0,20490.0,,5563.0,15208.0,8826.0,,,,,,,,,,
MTB,8,MTB,2021-06-30,1455973.0,942340.0,970358.0,926965.0,,34466.0,8710.0,,217.0,28018.0,13152.0,1.0,14865.0,,,513633.0,,405087.0,405087.0,231831.0,162991.0,,,,,-10655.0,-10655.0,,,112699.0,15000.0,861452.0,80848.0,,,,510374.0,497010.0,479134.0,17876.0,,2737.0,2737.0,2737.0,2737.0,,267493.0,,-3893.0,,,,,,605628.0,147559.0,438759.0,458069.0,458069.0,458069.0,,17050.0,3.0,438759.0,3.41,3.41,128668.0,128842.0,957340.0,458069.0,461013.0,8710.0,2737.0,458069.0,-3893.0,-3893.0,0.0,-948.5149,10265.0,,6502.0,13364.0,3893.0,,,,,,,,,,
MTB,9,MTB,2021-03-31,1486993.0,981395.0,1016962.0,972582.0,,37126.0,6874.0,,380.0,35567.0,18699.0,2.0,16866.0,,,505598.0,,400666.0,400666.0,231531.0,156022.0,,,,,-12282.0,-12282.0,,,110930.0,25000.0,909493.0,82471.0,,,,569894.0,555266.0,541078.0,14188.0,,2738.0,2738.0,2738.0,2738.0,,254390.0,,-9951.0,,,,,,592549.0,145300.0,428093.0,447249.0,447249.0,447249.0,,17050.0,2.0,428093.0,3.33,3.33,128556.0,128669.0,1006395.0,447249.0,454760.0,6874.0,2738.0,447249.0,-9951.0,-9951.0,0.0,-2440.0,13113.0,,6284.0,14628.0,9951.0,,,,,,,,,,
MTB,10,MTB,2020-12-31,1540530.0,989280.0,1038890.0,991266.0,,40631.0,5648.0,,1345.0,49610.0,30081.0,2.0,19527.0,,,551250.0,,399806.0,399806.0,236258.0,151314.0,,,,,1619.0,1619.0,,,142621.0,-75000.0,845008.0,84228.0,,,,509146.0,491314.0,476110.0,15204.0,76369.0,3129.0,3129.0,3129.0,3129.0,,248505.0,,,,,,,,620522.0,149382.0,451869.0,471140.0,471140.0,471140.0,,17050.0,,451869.0,3.52,3.52,128372.0,128379.0,914280.0,471140.0,471140.0,5648.0,3129.0,471140.0,,,0.0,0.0,12234.0,,7204.0,17832.0,,,,,,,,,,,
MTB,11,MTB,2020-09-30,1463656.0,943095.0,1001161.0,956594.0,,38588.0,4163.0,,1816.0,58066.0,37163.0,1.0,20902.0,,,520561.0,,406161.0,406161.0,244622.0,149937.0,,,,,2773.0,2773.0,,,107601.0,-150000.0,826774.0,81080.0,,,,502873.0,491018.0,478897.0,12121.0,74082.0,3914.0,3914.0,3914.0,3914.0,,238907.0,,,,,,,,486882.0,114746.0,353400.0,372136.0,372136.0,372136.0,,17050.0,1.0,353400.0,2.75,2.75,128509.0,128509.0,793095.0,372136.0,372136.0,4163.0,3914.0,372136.0,,,0.0,0.0,11602.0,153267.0,4026.0,11855.0,,,,,,,,,,,
MTB,12,MTB,2020-06-30,1444410.0,957137.0,1032242.0,980372.0,,47248.0,4179.0,,443.0,75105.0,46498.0,2.0,28605.0,,,487273.0,,384824.0,384824.0,222479.0,151882.0,,,,,6969.0,6969.0,,,87190.0,-325000.0,807042.0,77089.0,,,,482891.0,473049.0,458842.0,14207.0,72636.0,3913.0,3913.0,3913.0,3913.0,,243149.0,,,,,,,,312368.0,71314.0,223099.0,241054.0,241054.0,241054.0,,17050.0,1.0,223099.0,1.74,1.74,128218.0,128333.0,632137.0,241054.0,241054.0,4179.0,3913.0,241054.0,,,0.0,0.0,10463.0,145024.0,8290.0,9842.0,,,,,,,,,,,
MTB,13,MTB,2020-03-31,1506165.0,976805.0,1120419.0,1046821.0,,50185.0,18966.0,,4447.0,143614.0,103293.0,23.0,40298.0,,,529360.0,,395950.0,395950.0,234070.0,148751.0,,,,,-20782.0,-20782.0,,,133176.0,-250000.0,906416.0,79640.0,,,,571489.0,549114.0,536843.0,12271.0,75262.0,3913.0,3913.0,3913.0,3913.0,,251374.0,,,,,,,,349749.0,80927.0,250701.0,268822.0,268822.0,268822.0,,17078.0,,250701.0,1.93,1.93,129897.0,129897.0,726805.0,268822.0,268822.0,18966.0,3913.0,268822.0,,,0.0,0.0,13129.0,127909.0,21016.0,22375.0,,,,,,,,,,,
MTB,14,MTB,2019-12-31,1529873.0,1008833.0,1185902.0,1079030.0,,63535.0,37277.0,,6060.0,177069.0,124464.0,3168.0,49437.0,,,521040.0,,392537.0,392537.0,229121.0,151525.0,,,,,-6452.0,-6452.0,,,118238.0,-54000.0,823683.0,82892.0,,,,508574.0,481511.0,469080.0,12431.0,71233.0,4305.0,4305.0,4305.0,4305.0,,227912.0,,,,,,,,652190.0,159124.0,473372.0,493066.0,493066.0,493066.0,,17077.0,1.0,473372.0,3.6,3.6,131492.0,131549.0,954833.0,493066.0,493066.0,37277.0,4305.0,493066.0,,,0.0,0.0,11891.0,118134.0,16717.0,27063.0,,,,,,,,,,,
MTB,15,MTB,2019-09-30,1557669.0,1029890.0,1229469.0,1119662.0,,69157.0,40388.0,,262.0,199579.0,136398.0,6967.0,56214.0,,,527779.0,,404088.0,404088.0,248096.0,143915.0,,,,,3737.0,3737.0,,,103882.0,-45000.0,877619.0,82690.0,,,,508774.0,486686.0,476780.0,9906.0,70561.0,5088.0,5088.0,5088.0,5088.0,,281067.0,,,,,,,,635050.0,154969.0,461410.0,480081.0,480081.0,480081.0,,16103.0,0.0,461410.0,3.47,3.47,132971.0,132999.0,984890.0,480081.0,480081.0,40388.0,5088.0,480081.0,,,0.0,0.0,12077.0,137004.0,16072.0,22088.0,,,,,,,,,,,
MTB,16,MTB,2019-06-30,1553576.0,1041481.0,1237913.0,1125577.0,,75655.0,36325.0,,356.0,196432.0,122527.0,7893.0,66012.0,,,512095.0,,371968.0,371968.0,215108.0,144382.0,,,,,8911.0,8911.0,,,112763.0,-55000.0,873032.0,79150.0,,,,489555.0,465509.0,455737.0,9772.0,65558.0,5077.0,5077.0,5077.0,5077.0,,299250.0,,,,,,,,625544.0,152284.0,452633.0,473260.0,473260.0,473260.0,,18130.0,1.0,452633.0,3.34,3.34,135519.0,135519.0,986481.0,473260.0,473260.0,36325.0,5077.0,473260.0,,,0.0,0.0,12478.0,107321.0,18453.0,24046.0,,,,,,,,,,,
MTB,17,MTB,2019-03-31,1550825.0,1050060.0,1226309.0,1117913.0,,80506.0,27407.0,,483.0,176249.0,101957.0,6713.0,67579.0,,,500765.0,,343685.0,343685.0,198423.0,132786.0,,,,,11841.0,11841.0,,,134437.0,-22000.0,894348.0,79347.0,,,,528901.0,508626.0,499200.0,9426.0,62272.0,5020.0,5020.0,5020.0,5020.0,,281080.0,,,,,,,,634477.0,151735.0,462086.0,482742.0,482742.0,482742.0,,18130.0,0.0,462086.0,3.35,3.35,137936.0,137936.0,1028060.0,482742.0,482742.0,27407.0,5020.0,482742.0,,,0.0,0.0,12476.0,95311.0,10802.0,20275.0,,,,,,,,,,,
MTB,18,MTB,2018-12-31,1539556.0,1058960.0,1220281.0,1099289.0,,79015.0,41636.0,,341.0,161321.0,89293.0,1520.0,70508.0,,,480596.0,,348825.0,348825.0,201020.0,135024.0,,,,,4219.0,4219.0,,,110970.0,-38000.0,802162.0,73519.0,,,,474675.0,448765.0,438928.0,9837.0,58983.0,5359.0,5359.0,5359.0,5359.0,,248609.0,,,,,,,,699394.0,153175.0,525328.0,546219.0,546219.0,546219.0,,18131.0,1.0,525328.0,3.76,3.76,139715.0,139838.0,1020960.0,546219.0,546219.0,41636.0,5359.0,546219.0,,,0.0,0.0,12781.0,92229.0,16582.0,25910.0,,,,,,,,,,,
MTB,19,MTB,2018-09-30,1488332.0,1029038.0,1167375.0,1060832.0,,80271.0,26000.0,,272.0,138337.0,70688.0,1600.0,66049.0,,,459294.0,,342867.0,342867.0,197055.0,133545.0,,,,,-3415.0,-3415.0,,,113769.0,-16000.0,775979.0,77481.0,,,,472004.0,450220.0,431371.0,18849.0,59521.0,6143.0,6143.0,6143.0,6143.0,,220351.0,,,,,,,,696353.0,170262.0,505365.0,526091.0,526091.0,526091.0,,18130.0,2.0,505365.0,3.54,3.53,142758.0,142976.0,1013038.0,526091.0,526091.0,26000.0,6143.0,526091.0,,,0.0,0.0,12267.0,88408.0,6073.0,21784.0,,,,,,,,,,,
MTB,20,MTB,2018-06-30,1466201.0,1008787.0,1128905.0,1024471.0,,82191.0,21869.0,,374.0,120118.0,60642.0,1383.0,58093.0,,,457414.0,,349553.0,349553.0,199283.0,137641.0,,,,,2326.0,2326.0,,,100280.0,-35000.0,776577.0,73031.0,,,,459865.0,438097.0,418537.0,19560.0,58431.0,6388.0,6388.0,6388.0,6388.0,,237293.0,,,,,,,,654624.0,161464.0,472600.0,493160.0,493160.0,493160.0,,18130.0,2.0,472600.0,3.26,3.26,144969.0,144998.0,973787.0,493160.0,493160.0,21869.0,6388.0,493160.0,,,0.0,0.0,12629.0,92499.0,5255.0,21768.0,,,,,,,,,,,
MTB,21,MTB,2018-03-31,1434213.0,975517.0,1082150.0,979969.0,,83100.0,18677.0,,404.0,106633.0,51844.0,883.0,53906.0,,,458696.0,,337188.0,337188.0,192421.0,131375.0,,,,,-9431.0,-9431.0,,,126302.0,-43000.0,933344.0,74797.0,,,,499956.0,483708.0,463428.0,20280.0,57748.0,6632.0,6632.0,6632.0,6632.0,,351959.0,,,,,,,,457869.0,105259.0,332749.0,352610.0,352610.0,352610.0,,18130.0,1.0,332749.0,2.24,2.23,148549.0,148905.0,932517.0,352610.0,352610.0,18677.0,6632.0,352610.0,,,0.0,0.0,13392.0,87306.0,4637.0,16248.0,,,,,,,,,,,
MTB,22,MTB,2017-12-31,1455503.0,971450.0,1074139.0,966527.0,,85377.0,21981.0,,254.0,102689.0,51828.0,363.0,50498.0,,,484053.0,,346455.0,346455.0,204018.0,129669.0,,,,,21296.0,21296.0,,,105834.0,-31000.0,795813.0,71363.0,,,,445966.0,426600.0,402878.0,23722.0,58596.0,7025.0,7025.0,7025.0,7025.0,,271459.0,,,,,,,,628690.0,306287.0,302486.0,322403.0,322403.0,322403.0,,18130.0,2.0,302486.0,2.01,2.01,150491.0,150491.0,940450.0,322403.0,322403.0,21981.0,7025.0,322403.0,,,0.0,0.0,12768.0,96235.0,10468.0,19366.0,,,,,,,,,,,
MTB,23,MTB,2017-09-30,1416563.0,957134.0,1057210.0,953662.0,,88282.0,14970.0,,296.0,100076.0,52016.0,554.0,47506.0,,,459429.0,,345669.0,345669.0,206093.0,124900.0,,,,,0.0,0.0,,,106702.0,-30000.0,806025.0,75558.0,,,,440461.0,423058.0,399089.0,23969.0,54493.0,7808.0,7808.0,7808.0,7808.0,,282198.0,,,,,,,,580538.0,224615.0,335804.0,355923.0,355923.0,355923.0,,18130.0,3.0,335804.0,2.22,2.21,151263.0,151691.0,927134.0,355923.0,355923.0,14970.0,7808.0,355923.0,,,0.0,0.0,14676.0,96737.0,7058.0,17403.0,,,,,,,,,,,
MTB,24,MTB,2017-06-30,1399016.0,938200.0,1030413.0,924640.0,,93375.0,12213.0,,185.0,92213.0,47127.0,378.0,44708.0,,,460816.0,,335634.0,335634.0,192220.0,126797.0,,,,,-17.0,-17.0,,,117115.0,-52000.0,750635.0,73797.0,,,,440577.0,424253.0,398900.0,25353.0,53532.0,8113.0,8113.0,8113.0,8113.0,,228148.0,,,,,,,,596381.0,215328.0,360662.0,381053.0,381053.0,381053.0,,18237.0,4.0,360662.0,2.36,2.35,152823.0,153276.0,886200.0,381053.0,381053.0,12213.0,8113.0,381053.0,,,0.0,0.0,16617.0,86163.0,8084.0,16324.0,,,,,,,,,,,
MTB,25,MTB,2017-03-31,1361105.0,914260.0,1006033.0,898038.0,,95554.0,12162.0,,279.0,91773.0,44897.0,216.0,46660.0,,,446845.0,,326267.0,326267.0,188868.0,120015.0,,,,,0.0,0.0,,,110887.0,-55000.0,787852.0,74366.0,,,,494799.0,478689.0,449862.0,28827.0,54009.0,8420.0,8420.0,8420.0,8420.0,,210267.0,,,,,,,,518253.0,169326.0,328567.0,348927.0,348927.0,348927.0,,18237.0,5.0,328567.0,2.13,2.12,154257.0,154949.0,859260.0,348927.0,348927.0,12162.0,8420.0,348927.0,,,0.0,0.0,17384.0,84692.0,9691.0,16110.0,,,,,,,,,,,
MTB,26,MTB,2016-12-31,1341223.0,875764.0,982901.0,882842.0,,87927.0,11832.0,,300.0,107137.0,50783.0,151.0,56203.0,,,465459.0,,340630.0,340630.0,203394.0,122003.0,,,,,1566.0,1566.0,,,115571.0,-62000.0,769103.0,69976.0,,,,443419.0,422345.0,393354.0,28991.0,52668.0,9089.0,9089.0,9089.0,9089.0,,246619.0,,0.0,,,,,,510120.0,179549.0,307797.0,330571.0,330571.0,330571.0,,20317.0,6.0,307797.0,1.98,1.98,155453.0,155700.0,813764.0,330571.0,330571.0,11832.0,9089.0,330571.0,0.0,0.0,0.0,0.0,15233.0,98504.0,7692.0,21074.0,0.0,,,,,,,,,,
FRCB,4,FRCB,2022-03-31,1374000.0,1145000.0,1189000.0,1002000.0,1002000.0,180000.0,,,7000.0,44000.0,20000.0,,24000.0,,,229000.0,18000.0,212000.0,233000.0,39000.0,172000.0,,21000.0,,,-4000.0,-4000.0,,,3000.0,-9000.0,845000.0,69000.0,69000.0,,23000.0,601000.0,588000.0,569000.0,19000.0,,,,,,,152000.0,,,,,,,,520000.0,119000.0,364000.0,401000.0,401000.0,401000.0,,37000.0,,364000.0,2.03,2.0,180000.0,182000.0,1136000.0,401000.0,401000.0,,51000.0,401000.0,,,0.0,0.0,22000.0,,,13000.0,,,,,,,,,,,
FRCB,5,FRCB,2021-12-31,1345133.0,1119069.0,1167360.0,992099.0,992099.0,165325.0,,,9936.0,48291.0,20923.0,,27368.0,,,226064.0,34006.0,195804.0,216724.0,40762.0,156744.0,,20920.0,,,-2829.0,-3322.0,493.0,,-917.0,-23241.0,844388.0,65972.0,65972.0,,26360.0,590359.0,569172.0,551185.0,17987.0,,,,,,,161697.0,,,,,,,,477504.0,77130.0,367981.0,400374.0,400374.0,400374.0,,32393.0,,367981.0,,,,,1095828.0,400374.0,400374.0,,43883.0,400374.0,,,0.0,0.0,19218.0,,,21187.0,,,,,,,,,,,
FRCB,6,FRCB,2021-09-30,1284936.0,1052284.0,1117671.0,946846.0,946846.0,161017.0,,,9808.0,65387.0,22410.0,,42977.0,,,232652.0,26246.0,201721.0,219131.0,41765.0,154722.0,26032.0,17410.0,,,1983.0,1843.0,140.0,,2702.0,-33729.0,781121.0,66953.0,66953.0,,27911.0,555270.0,541650.0,524187.0,17463.0,,,,,,,130987.0,,,,,,,,470086.0,100399.0,345260.0,369687.0,369687.0,369687.0,,24427.0,,345260.0,1.94,1.91,178000.0,180000.0,1018555.0,369687.0,369687.0,,48405.0,369687.0,,,0.0,0.0,22644.0,,,13620.0,,,,,,,,,,,
FRCB,7,FRCB,2021-06-30,1212206.0,1003865.0,1078005.0,912885.0,912885.0,156947.0,,,8173.0,74140.0,24096.0,,50044.0,,,208341.0,24125.0,179615.0,197499.0,37164.0,142761.0,20612.0,17884.0,,,1004.0,946.0,58.0,,3597.0,-15760.0,744881.0,63526.0,63526.0,,25475.0,523083.0,506523.0,489536.0,16987.0,16213.0,,,,,,132797.0,,,,,,,,451565.0,78459.0,349451.0,373106.0,373106.0,373106.0,,23655.0,,349451.0,1.98,1.95,176000.0,179000.0,988105.0,373106.0,373106.0,,48935.0,373106.0,,,0.0,0.0,17574.0,,,16560.0,,,,,,,,,,,
FRCB,8,FRCB,2021-03-31,1117725.0,938782.0,1021964.0,873170.0,873170.0,140711.0,,,8083.0,83182.0,27571.0,,55611.0,,,178943.0,19623.0,155860.0,171646.0,32309.0,124773.0,17167.0,15786.0,,,-158.0,-467.0,309.0,,3618.0,15730.0,704610.0,57549.0,57549.0,,21254.0,498288.0,485655.0,470092.0,15563.0,20348.0,,,,,,127519.0,,,,,,,,428845.0,94012.0,316308.0,334833.0,334833.0,334833.0,,18525.0,,316308.0,1.81,1.79,175000.0,177000.0,954512.0,334833.0,334833.0,,42777.0,334833.0,,,0.0,0.0,14564.0,,,12633.0,,,,,,,,,,,
FRCB,9,FRCB,2020-12-31,1063351.0,892728.0,991152.0,845150.0,845150.0,138429.0,,,7573.0,98424.0,30405.0,,68019.0,,,170623.0,22566.0,144532.0,160360.0,29218.0,119653.0,14688.0,15828.0,,,1314.0,-1098.0,2412.0,,2211.0,-33880.0,650216.0,56627.0,56627.0,,18015.0,446901.0,433139.0,418172.0,14967.0,46754.0,1673.0,1673.0,1673.0,1673.0,,127000.0,,,,,,,,379255.0,83695.0,279488.0,295560.0,295560.0,295560.0,,16072.0,,279488.0,,,,,858848.0,295560.0,295560.0,,41541.0,295560.0,,,0.0,0.0,11489.0,,,13762.0,,,,,,,,,,,
FRCB,10,FRCB,2020-09-30,985045.0,830280.0,961976.0,811708.0,811708.0,142971.0,,,7297.0,131696.0,54355.0,,77341.0,,,154765.0,22762.0,121735.0,137620.0,25643.0,101181.0,12575.0,15885.0,,,13059.0,-738.0,13797.0,,-2791.0,-28205.0,592325.0,55543.0,55543.0,,19845.0,398898.0,389989.0,375649.0,14340.0,6510.0,1790.0,1790.0,1790.0,1790.0,,116249.0,,,,,,,,364515.0,71378.0,278321.0,293137.0,293137.0,293137.0,,14816.0,,278321.0,1.62,1.61,172142.0,172932.0,802075.0,293137.0,293137.0,,40906.0,293137.0,,,0.0,0.0,10796.0,,,8909.0,,,,,,,,,,,
FRCB,11,FRCB,2020-06-30,905371.0,787412.0,943424.0,791286.0,791286.0,146515.0,,,5623.0,156012.0,72480.0,,83532.0,,,117959.0,9513.0,107138.0,120452.0,18364.0,89682.0,10105.0,13314.0,,,86.0,1233.0,-1147.0,,1222.0,-30821.0,556144.0,54941.0,54941.0,,15517.0,369762.0,361141.0,346857.0,14284.0,5994.0,2010.0,2010.0,2010.0,2010.0,,113914.0,,,,,,,,318406.0,61638.0,241951.0,256768.0,256768.0,256768.0,,14817.0,,241951.0,1.41,1.4,171627.0,172659.0,756591.0,256768.0,256768.0,,43132.0,256768.0,,,0.0,0.0,12406.0,,,8621.0,,,,,,,,,,,
FRCB,12,FRCB,2020-03-31,899551.0,752132.0,956121.0,796652.0,796652.0,148569.0,,,10900.0,203989.0,118845.0,,85144.0,,,147419.0,10317.0,130438.0,146645.0,26547.0,104272.0,12184.0,16207.0,,,4135.0,2210.0,1925.0,,2529.0,-61952.0,565810.0,53641.0,53641.0,,13117.0,389707.0,377864.0,364671.0,13193.0,9830.0,2284.0,2284.0,2284.0,2284.0,,107061.0,,,,,,,,271789.0,53103.0,205666.0,218686.0,218686.0,218686.0,,13020.0,,205666.0,1.2,1.2,170835.0,172039.0,690180.0,218686.0,218686.0,,40500.0,218686.0,,,0.0,0.0,15826.0,,,11843.0,,,,,,,,,,,
FRCB,13,FRCB,2019-12-31,861754.0,720118.0,936954.0,780326.0,780326.0,146080.0,,,10548.0,216836.0,128705.0,,88131.0,,,141636.0,18220.0,123078.0,138787.0,24937.0,101434.0,10365.0,15709.0,,,-1472.0,-1541.0,69.0,,1810.0,-9579.0,543136.0,50474.0,50474.0,,22476.0,361300.0,343685.0,329812.0,13873.0,10849.0,2558.0,2558.0,2558.0,2558.0,,106328.0,,,,,,,,309039.0,62709.0,235622.0,246330.0,246330.0,246330.0,,10708.0,,235622.0,,,,,710539.0,246330.0,246330.0,,39777.0,246330.0,,,0.0,0.0,12416.0,,,17615.0,,,,,,,,,,,
FRCB,14,FRCB,2019-09-30,814152.0,694985.0,909776.0,764468.0,764468.0,134099.0,,,11209.0,214791.0,134917.0,,79874.0,,,119167.0,14864.0,103256.0,126296.0,25936.0,87687.0,11685.0,23040.0,,,-561.0,-683.0,122.0,,1608.0,-16711.0,510910.0,50722.0,50722.0,,17507.0,343954.0,328042.0,315311.0,12731.0,10942.0,2832.0,2832.0,2832.0,2832.0,,95895.0,,,,,,,,286531.0,51687.0,222057.0,234844.0,234844.0,234844.0,,12787.0,,222057.0,1.32,1.31,168272.0,169346.0,678274.0,234844.0,234844.0,,36208.0,234844.0,,,0.0,0.0,12673.0,,,15912.0,,,,,,,,,,,
FRCB,15,FRCB,2019-06-30,794303.0,674026.0,885732.0,741328.0,741328.0,134044.0,,,10360.0,211706.0,129188.0,,82518.0,,,120277.0,13745.0,105806.0,130879.0,24645.0,97947.0,10345.0,25073.0,,,-1078.0,-1063.0,-15.0,,1804.0,-21200.0,503781.0,47587.0,47587.0,,16435.0,334920.0,318220.0,306203.0,12017.0,11263.0,3104.0,3104.0,3104.0,3104.0,,101735.0,,,,,,,,269322.0,46758.0,209776.0,222564.0,222564.0,222564.0,,12788.0,,209776.0,1.25,1.24,167685.0,169572.0,652826.0,222564.0,222564.0,,31949.0,222564.0,,,0.0,0.0,8287.0,,,16700.0,,,,,,,,,,,
FRCB,16,FRCB,2019-03-31,783780.0,675038.0,847017.0,700088.0,700088.0,133765.0,,,13164.0,171979.0,107747.0,,64232.0,,,108742.0,11449.0,95642.0,119218.0,22746.0,88813.0,8631.0,23576.0,,,210.0,-149.0,359.0,,1441.0,-14200.0,501236.0,43895.0,43895.0,,11681.0,342981.0,327247.0,315439.0,11808.0,9920.0,3380.0,3380.0,3380.0,3380.0,,99299.0,,,,,,,,268344.0,41753.0,213804.0,226591.0,226591.0,226591.0,,12787.0,,213804.0,1.28,1.26,167112.0,169410.0,660838.0,226591.0,226591.0,,29705.0,226591.0,,,0.0,0.0,7659.0,,,15734.0,,,,,,,,,,,
FRCB,17,FRCB,2018-12-31,786207.0,667203.0,828655.0,677450.0,677450.0,134380.0,,,16825.0,161452.0,96188.0,,65264.0,,,119004.0,20063.0,98808.0,123351.0,24024.0,95876.0,10223.0,24543.0,,,-734.0,-1313.0,579.0,,867.0,-25089.0,474039.0,40078.0,40078.0,,15338.0,316277.0,296389.0,284675.0,11714.0,11613.0,3651.0,3651.0,3651.0,3651.0,,98695.0,,,,,,,,287079.0,55661.0,215190.0,231418.0,231418.0,231418.0,,16228.0,,215190.0,,,,,642114.0,231418.0,231418.0,,30865.0,231418.0,,,0.0,0.0,3451.0,,,19888.0,,,,,,,,,,,
FRCB,18,FRCB,2018-09-30,750413.0,634454.0,780038.0,633794.0,633794.0,134111.0,,,12133.0,145584.0,81438.0,,64146.0,,,115959.0,11608.0,104707.0,123123.0,21906.0,92159.0,8439.0,18416.0,,,-1352.0,-1655.0,303.0,,996.0,-18633.0,465583.0,38792.0,38792.0,,15718.0,316487.0,302960.0,282378.0,20582.0,9316.0,3925.0,3925.0,3925.0,3925.0,,90661.0,,,,,,,,266197.0,52651.0,196434.0,213546.0,213546.0,213546.0,,17112.0,,196434.0,1.2,1.19,163048.0,165498.0,615821.0,213546.0,213546.0,,29408.0,213546.0,,,0.0,0.0,9058.0,,,13527.0,,,,,,,,,,,
FRCB,19,FRCB,2018-06-30,725305.0,611693.0,734439.0,589912.0,589912.0,133992.0,,,10535.0,122746.0,62027.0,,60719.0,,,113612.0,9612.0,99695.0,118504.0,23147.0,86531.0,9547.0,18809.0,,,3018.0,-1027.0,4045.0,,1287.0,-19370.0,453748.0,37216.0,37216.0,,15588.0,307760.0,292640.0,273819.0,18821.0,9411.0,4199.0,4199.0,4199.0,4199.0,,88985.0,,,,,,,,252187.0,42406.0,197618.0,209781.0,209781.0,209781.0,,12163.0,,197618.0,1.22,1.2,162152.0,165013.0,592323.0,209781.0,209781.0,,28013.0,209781.0,,,0.0,0.0,8826.0,,,15120.0,,,,,,,,,,,
FRCB,20,FRCB,2018-03-31,705540.0,587758.0,688474.0,541313.0,541313.0,138270.0,,,8891.0,100716.0,50387.0,,50329.0,,,117782.0,9477.0,97336.0,112656.0,20518.0,81606.0,7397.0,15320.0,,,9886.0,9197.0,689.0,,1083.0,-13000.0,446261.0,36172.0,36172.0,,13414.0,308775.0,296847.0,278442.0,18405.0,7536.0,4472.0,4472.0,4472.0,4472.0,,83428.0,,,,,,,,246279.0,47196.0,186861.0,199083.0,199083.0,199083.0,,12222.0,,186861.0,1.16,1.13,161752.0,164839.0,574758.0,199083.0,199083.0,,26077.0,199083.0,,,0.0,0.0,10532.0,,,11928.0,,,,,,,,,,,
FRCB,21,FRCB,2017-12-31,683071.0,568861.0,662801.0,514700.0,514700.0,140396.0,,,7705.0,93940.0,46120.0,,47820.0,,,114210.0,9836.0,100508.0,116595.0,21101.0,86120.0,8198.0,16087.0,,,3065.0,0.0,3065.0,,801.0,-17042.0,429456.0,35620.0,35620.0,,15976.0,287810.0,270637.0,253009.0,17628.0,7993.0,4746.0,4746.0,4746.0,4746.0,,85304.0,,,,,,,,236573.0,42296.0,180005.0,194277.0,194277.0,194277.0,,14272.0,,180005.0,,,,,551819.0,194277.0,194277.0,,27890.0,194277.0,,,0.0,0.0,9374.0,,,17173.0,,,,,,,,,,,
FRCB,22,FRCB,2017-09-30,654901.0,550953.0,637167.0,497162.0,497162.0,132948.0,,,7057.0,86214.0,40260.0,,45954.0,,0.0,103948.0,8865.0,85577.0,100962.0,19077.0,74042.0,6551.0,15385.0,,6551.0,3167.0,1204.0,1963.0,,6339.0,-10113.0,402974.0,34129.0,34129.0,,17573.0,266264.0,255625.0,238637.0,16988.0,7668.0,5019.0,5019.0,5019.0,5019.0,,79989.0,,,,,,,,241814.0,41805.0,185737.0,200009.0,200009.0,200009.0,,14272.0,,185737.0,1.18,1.14,157752.0,162377.0,540840.0,200009.0,200009.0,,23804.0,200009.0,,,0.0,0.0,7843.0,,,10639.0,,,,,,,,,,,
FRCB,23,FRCB,2017-06-30,625961.0,531964.0,599155.0,462810.0,462810.0,130435.0,,,5910.0,67191.0,26355.0,,40836.0,,,93997.0,9538.0,83545.0,98920.0,19688.0,72267.0,7081.0,15375.0,,,239.0,-602.0,841.0,,675.0,-23938.0,381725.0,33631.0,33631.0,,12236.0,251547.0,239987.0,223607.0,16380.0,9246.0,5293.0,5293.0,5293.0,5293.0,,79018.0,,,,,,,,220298.0,33698.0,172256.0,186600.0,186600.0,186600.0,,14344.0,,172256.0,1.1,1.06,157302.0,162335.0,508026.0,186600.0,186600.0,,18579.0,186600.0,,,0.0,0.0,6965.0,,,11560.0,,,,,,,,,,,
FRCB,24,FRCB,2017-03-31,589214.0,499685.0,552495.0,428398.0,428398.0,118058.0,,,6039.0,52810.0,22051.0,,30759.0,,,89529.0,9635.0,77476.0,89406.0,17270.0,64097.0,5861.0,11930.0,,,1929.0,-1435.0,3364.0,,489.0,-9088.0,366609.0,33366.0,33366.0,,11165.0,249261.0,240235.0,224221.0,16014.0,7245.0,5567.0,5567.0,5567.0,5567.0,,67250.0,,,,,,,,213517.0,36743.0,161622.0,176774.0,176774.0,176774.0,,15152.0,,161622.0,1.04,1.01,155012.0,160433.0,490597.0,176774.0,176774.0,,21681.0,176774.0,,,0.0,0.0,8039.0,,,9026.0,,,,,,,,,,,
FRCB,25,FRCB,2016-12-31,587691.0,490625.0,537594.0,418423.0,418423.0,106994.0,,,12177.0,46969.0,21206.0,,25763.0,,,97066.0,17515.0,80009.0,91777.0,18397.0,63229.0,6384.0,11768.0,,,-545.0,-1363.0,818.0,,87.0,-10500.0,348406.0,32277.0,32277.0,,14798.0,228168.0,218001.0,202131.0,15870.0,7460.0,5839.0,5839.0,5839.0,5839.0,,67324.0,,,,,,,,228785.0,49667.0,161742.0,179118.0,179118.0,179118.0,,17376.0,,161742.0,,,,,480125.0,179118.0,179118.0,,24608.0,179118.0,,,0.0,0.0,10151.0,,,10167.0,,,,,,,,,,,
FHN,5,FHN,2022-03-31,708000.0,479000.0,513000.0,457000.0,457000.0,49000.0,7000.0,,7000.0,35000.0,11000.0,1000.0,17000.0,,6000.0,229000.0,,136000.0,136000.0,99000.0,13000.0,,20000.0,,,73000.0,73000.0,,,20000.0,40000.0,492000.0,72000.0,32000.0,40000.0,23000.0,279000.0,279000.0,279000.0,,10000.0,13000.0,13000.0,13000.0,13000.0,,128000.0,,,,,,,,255000.0,57000.0,187000.0,195000.0,198000.0,198000.0,,8000.0,,187000.0,0.35,0.34,533000.0,550000.0,519000.0,195000.0,195000.0,7000.0,13000.0,195000.0,,,0.0,0.0,37000.0,,,11000.0,,,,-3000.0,,,,,,,
FHN,6,FHN,2021-12-31,744000.0,498000.0,534000.0,486000.0,486000.0,40000.0,6000.0,0.0,2000.0,36000.0,13000.0,1000.0,17000.0,,5000.0,246000.0,,139000.0,139000.0,103000.0,12000.0,,21000.0,,,82000.0,82000.0,,,25000.0,65000.0,529000.0,74000.0,34000.0,41000.0,16000.0,290000.0,290000.0,290000.0,,9000.0,14000.0,14000.0,14000.0,14000.0,,151000.0,,-13000.0,,,,2000.0,,282000.0,53000.0,219000.0,227000.0,229000.0,229000.0,,8000.0,,219000.0,0.41,0.4,537000.0,542000.0,563000.0,227000.0,227000.0,6000.0,14000.0,227000.0,-13000.0,-13000.0,0.0,0.0,36000.0,,,,0.0,,,-3000.0,,,,,,,
FHN,7,FHN,2021-09-30,738000.0,492000.0,536000.0,492000.0,492000.0,37000.0,6000.0,0.0,1000.0,43000.0,20000.0,1000.0,18000.0,,4000.0,246000.0,,148000.0,148000.0,111000.0,13000.0,,24000.0,,,96000.0,96000.0,,,2000.0,85000.0,526000.0,75000.0,33000.0,42000.0,21000.0,296000.0,296000.0,296000.0,,9000.0,14000.0,14000.0,14000.0,14000.0,,141000.0,,-29000.0,,,23000.0,6000.0,,298000.0,63000.0,224000.0,232000.0,235000.0,235000.0,,8000.0,,224000.0,0.41,0.41,546000.0,550000.0,577000.0,232000.0,232000.0,6000.0,14000.0,232000.0,-29000.0,-29000.0,0.0,0.0,37000.0,,,,0.0,,,-3000.0,15000.0,,,,,,
FHN,8,FHN,2021-06-30,781000.0,497000.0,545000.0,505000.0,505000.0,36000.0,3000.0,,1000.0,48000.0,24000.0,1000.0,18000.0,,5000.0,284000.0,,148000.0,148000.0,113000.0,14000.0,,19000.0,,,102000.0,102000.0,,,34000.0,115000.0,498000.0,75000.0,33000.0,42000.0,16000.0,306000.0,306000.0,306000.0,,,14000.0,14000.0,14000.0,14000.0,,103000.0,,,,,,,,399000.0,88000.0,295000.0,308000.0,311000.0,311000.0,,13000.0,,295000.0,0.54,0.53,550000.0,557000.0,612000.0,308000.0,308000.0,3000.0,14000.0,308000.0,,,0.0,0.0,35000.0,,,,,,,-3000.0,21000.0,,,,,,
FHN,9,FHN,2021-03-31,808000.0,508000.0,508000.0,514000.0,514000.0,36000.0,,,2000.0,48000.0,24000.0,1000.0,18000.0,,1000.0,300000.0,,156000.0,156000.0,123000.0,12000.0,,16000.0,,,126000.0,126000.0,,,18000.0,45000.0,545000.0,76000.0,37000.0,39000.0,14000.0,319000.0,319000.0,319000.0,,,14000.0,14000.0,14000.0,14000.0,,136000.0,,,,,,,,307000.0,71000.0,225000.0,233000.0,235000.0,236000.0,,8000.0,,225000.0,0.41,0.4,552000.0,558000.0,553000.0,233000.0,233000.0,,14000.0,233000.0,,,0.0,0.0,33000.0,,,,,,,-3000.0,17000.0,,,,,,
FHN,10,FHN,2020-12-31,810000.0,522000.0,574000.0,540514.0,540514.0,32716.0,,,1567.0,53000.0,31000.0,1000.0,20000.0,,1000.0,288000.0,,159000.0,159000.0,128000.0,12331.0,,17020.0,,,104000.0,104000.0,,,25000.0,-1000.0,508000.0,76000.0,35894.0,39981.0,19137.0,319000.0,319000.0,319000.0,,-12684.0,15000.0,15000.0,15000.0,15000.0,,98000.0,,-339.0,,,,1189.0,,301000.0,56000.0,234000.0,242000.0,245000.0,245000.0,,8000.0,,234000.0,0.42,0.42,553000.0,557000.0,521000.0,242000.0,242000.0,,15000.0,242000.0,-339.0,-339.0,0.0,0.0,31000.0,,,4862.0,-850.0,,,-3000.0,18000.0,,,,,,
FHN,11,FHN,2020-09-30,1356000.0,532000.0,598000.0,565479.0,565479.0,31711.0,,,1021.0,66000.0,42000.0,1000.0,22000.0,,1000.0,824000.0,5627.0,163000.0,163000.0,133000.0,11741.0,1652.0,15634.0,2679.0,,111000.0,111000.0,,,550000.0,-227000.0,588000.0,77000.0,39098.0,37534.0,43236.0,329000.0,329000.0,329000.0,12656.0,17772.0,15000.0,15000.0,15000.0,15000.0,,167000.0,,492811.0,,,,39339.0,,541000.0,2000.0,523000.0,536000.0,539000.0,539000.0,,13000.0,,523000.0,0.95,0.95,550000.0,551000.0,305000.0,536000.0,536000.0,,15000.0,536000.0,492811.0,492811.0,0.0,0.0,30000.0,,,3157.0,-532150.0,,,-3000.0,17000.0,,,,,,
FHN,12,FHN,2020-06-30,499959.0,305344.0,346624.0,314780.0,314780.0,34094.0,,-67.0,-2183.0,41280.0,24745.0,233.0,14106.0,1222.0,974.0,194615.0,6380.0,63189.0,74843.0,45099.0,7733.0,1559.0,11654.0,1057.0,,110928.0,110928.0,,,13061.0,-110000.0,320511.0,46351.0,21445.0,24906.0,12808.0,220744.0,218219.0,206149.0,9031.0,3039.0,5284.0,5284.0,5284.0,5284.0,,35324.0,,-3.0,,,0.0,3.0,,69445.0,12780.0,52264.0,53814.0,56665.0,56665.0,,1550.0,,52264.0,0.17,0.17,312090.0,312936.0,195344.0,53814.0,53816.0,-67.0,5284.0,53814.0,-3.0,-3.0,0.0,-0.5521,13800.0,,,2525.0,,,,-2851.0,6652.0,,,,,,
FHN,13,FHN,2020-03-31,465866.0,302802.0,378368.0,335425.0,335425.0,41330.0,,2330.0,-717.0,75566.0,54489.0,5027.0,7921.0,4837.0,3292.0,163064.0,4589.0,63594.0,75286.0,43971.0,7195.0,1462.0,11692.0,1130.0,,95660.0,95660.0,,,-1909.0,-145000.0,299614.0,44142.0,19563.0,24579.0,8819.0,213748.0,206292.0,189747.0,9421.0,7124.0,5308.0,5308.0,5308.0,5308.0,,27597.0,,-13.0,,,0.0,13.0,,21239.0,4767.0,12070.0,13620.0,16472.0,16472.0,,1550.0,,12070.0,0.04,0.04,311597.0,313170.0,157802.0,13620.0,13630.0,2330.0,5308.0,13620.0,-13.0,-13.0,0.0,-2.9178,15405.0,,,7456.0,,,,-2852.0,7253.0,,,,,,
FHN,14,FHN,2019-12-31,483464.0,311393.0,404142.0,363229.0,363229.0,38432.0,,,2481.0,92749.0,67413.0,3989.0,10491.0,7869.0,2987.0,172071.0,5255.0,68975.0,80146.0,48610.0,7434.0,1561.0,11171.0,1508.0,,80978.0,80978.0,,,15355.0,-10000.0,316670.0,43959.0,19972.0,23987.0,19427.0,215119.0,200222.0,183351.0,8321.0,8550.0,6206.0,6206.0,6206.0,6206.0,,31959.0,,459.0,,,-65.0,-394.0,,157253.0,35970.0,116823.0,118373.0,121283.0,121283.0,,1550.0,,116823.0,0.38,0.37,311250.0,313353.0,301393.0,118373.0,118019.0,,6206.0,118373.0,459.0,459.0,0.0,104.9915,14557.0,,,14897.0,,,,-2910.0,7984.0,,,,,,
FHN,15,FHN,2019-09-30,460783.0,300676.0,407494.0,363793.0,363793.0,39625.0,,,4076.0,106818.0,78591.0,3333.0,13752.0,8199.0,2943.0,160107.0,4427.0,66611.0,78245.0,48508.0,7163.0,1400.0,11634.0,1556.0,,77742.0,77742.0,,,9771.0,-15000.0,284504.0,42275.0,18887.0,23388.0,19764.0,193648.0,187002.0,171281.0,8039.0,7682.0,6206.0,6206.0,6206.0,6206.0,,22611.0,,-11540.0,,,6.0,11534.0,,149739.0,35796.0,109510.0,111060.0,113943.0,113943.0,,1550.0,,109510.0,0.35,0.35,311888.0,313805.0,285676.0,111060.0,119841.0,,6206.0,111060.0,-11540.0,-11540.0,0.0,-2759.0,14157.0,,,6646.0,,,,-2883.0,7017.0,,,,,,
FHN,16,FHN,2019-06-30,449890.0,303610.0,412089.0,362195.0,362195.0,44745.0,,,5149.0,108479.0,79002.0,4316.0,14683.0,6722.0,3756.0,146280.0,5126.0,64568.0,76281.0,46665.0,7888.0,1253.0,11713.0,1809.0,,66463.0,66463.0,,,8314.0,-13000.0,296911.0,44095.0,20719.0,23376.0,17777.0,194076.0,188502.0,175972.0,6742.0,5788.0,6206.0,6206.0,6206.0,6206.0,,34757.0,,8230.0,,,0.0,-8230.0,,148209.0,34467.0,109340.0,110890.0,113742.0,113742.0,,1550.0,,109340.0,0.35,0.35,314063.0,315786.0,290610.0,110890.0,104574.0,,6206.0,110890.0,8230.0,8230.0,0.0,1914.0,14120.0,,,5574.0,,,,-2852.0,6355.0,,,,,,
FHN,17,FHN,2019-03-31,424066.0,294508.0,400615.0,344044.0,344044.0,45788.0,,,10783.0,106107.0,82210.0,961.0,14337.0,5783.0,2816.0,129558.0,4402.0,58066.0,69554.0,42512.0,7026.0,1368.0,11488.0,2313.0,,53780.0,53780.0,,,10997.0,-9000.0,284589.0,44661.0,20693.0,23968.0,15130.0,203077.0,195835.0,182753.0,6967.0,6115.0,6216.0,6216.0,6216.0,6216.0,,15505.0,,-14.0,,,1.0,13.0,,130463.0,27058.0,99035.0,100585.0,103405.0,103405.0,,1550.0,,99035.0,0.31,0.31,317435.0,319581.0,285508.0,100585.0,100596.0,,6216.0,100585.0,-14.0,-14.0,0.0,-2.9036,12633.0,,,7242.0,,,,-2820.0,6015.0,,,,,,
FHN,18,FHN,2018-12-31,399855.0,302512.0,401186.0,343762.0,343762.0,48039.0,,,9385.0,98674.0,73679.0,6833.0,13842.0,,4320.0,97343.0,4852.0,52884.0,65829.0,37283.0,6959.0,1447.0,12945.0,2425.0,,39838.0,39838.0,,,-2656.0,-6000.0,268952.0,45692.0,22053.0,23639.0,12321.0,184453.0,176735.0,162396.0,6706.0,7633.0,6461.0,6461.0,6461.0,6461.0,,20025.0,,-49.0,,,14.0,35.0,,124854.0,24049.0,96345.0,97895.0,100805.0,100805.0,,1550.0,,96345.0,0.3,0.3,321505.0,323885.0,296512.0,97895.0,97935.0,,6461.0,97895.0,-49.0,-49.0,0.0,-9.4382,13380.0,,,7718.0,,,,-2910.0,6760.0,,,,,,
FHN,19,FHN,2018-09-30,641552.0,305700.0,393669.0,340977.0,340977.0,46652.0,,,6040.0,87969.0,59090.0,9762.0,13992.0,,5125.0,335852.0,4337.0,63753.0,76874.0,47051.0,7438.0,1307.0,13121.0,2757.0,,257672.0,257672.0,,,7333.0,-2000.0,282451.0,45118.0,20002.0,25116.0,11811.0,196762.0,188397.0,170835.0,10611.0,6951.0,6460.0,6460.0,6460.0,6460.0,,22300.0,,1540.0,,,1.0,-1541.0,,358641.0,83925.0,270283.0,271833.0,274716.0,274716.0,,1550.0,,270283.0,0.83,0.83,324406.0,327252.0,303700.0,271833.0,270653.0,,6460.0,271833.0,1540.0,1540.0,0.0,360.36,14200.0,,,8365.0,,,,-2883.0,6878.0,,,,,,
FHN,20,FHN,2018-06-30,423804.0,310932.0,310932.0,335202.0,335202.0,47508.0,,,5101.0,76879.0,48749.0,10110.0,13230.0,,4790.0,112872.0,5773.0,62508.0,77161.0,47359.0,8132.0,1295.0,14653.0,3124.0,,37728.0,37728.0,,,112872.0,0.0,318099.0,48334.0,22503.0,25831.0,18199.0,207452.0,202382.0,173646.0,12730.0,16006.0,6460.0,6460.0,6460.0,6460.0,,37654.0,,-16.0,,,0.0,16.0,,105689.0,19697.0,81590.0,83140.0,85992.0,85992.0,,1550.0,,81590.0,0.25,0.25,325153.0,328426.0,310932.0,83140.0,83140.0,,6460.0,83140.0,-16.0,-16.0,0.0,0.0,13740.0,,,5070.0,,,,-2852.0,6635.0,,,,,,
FHN,21,FHN,2018-03-31,421629.0,301173.0,363355.0,311637.0,311637.0,47386.0,,,4332.0,62182.0,35033.0,10042.0,11983.0,,5124.0,120456.0,3993.0,60999.0,76560.0,43284.0,7277.0,1249.0,15561.0,2249.0,,45592.0,45592.0,,,7623.0,1000.0,295570.0,45601.0,20451.0,25150.0,14617.0,197846.0,194247.0,177086.0,11279.0,5882.0,6474.0,6474.0,6474.0,6474.0,,31032.0,,-2134.0,,,0.0,2134.0,,124925.0,29931.0,90624.0,92174.0,94994.0,94994.0,,1550.0,,90624.0,0.28,0.27,326489.0,330344.0,302173.0,92174.0,93797.0,,6474.0,92174.0,-2134.0,-2134.0,0.0,-511.3064,13483.0,,,3599.0,,,,-2820.0,11267.0,,,,,,
FHN,22,FHN,2017-12-31,364659.0,242088.0,287633.0,245143.0,245143.0,39241.0,,,3249.0,45545.0,24469.0,6707.0,10183.0,,4186.0,122571.0,3987.0,58147.0,68766.0,39479.0,7116.0,1292.0,10619.0,,,55216.0,55216.0,,,5221.0,-3000.0,303937.0,38574.0,15887.0,22687.0,28203.0,207675.0,202362.0,184929.0,11547.0,5886.0,3568.0,3568.0,3568.0,3568.0,,25917.0,,-32114.0,,,0.0,32114.0,,25608.0,73989.0,-52841.0,-51291.0,-48381.0,-48381.0,,1550.0,,-52841.0,-0.2,-0.2,265169.0,265169.0,239088.0,-51291.0,-32023.0,,3568.0,-51291.0,-32114.0,-32114.0,0.0,-12846.0,12642.0,,,5313.0,,,,-2910.0,8237.0,,,,,,
FHN,23,FHN,2017-09-30,325758.0,209817.0,248145.0,211343.0,211343.0,33968.0,,,2834.0,38328.0,20270.0,4998.0,9762.0,,3298.0,115941.0,3539.0,52771.0,63576.0,37305.0,6953.0,1211.0,10805.0,,,55764.0,55764.0,,,3867.0,0.0,217902.0,32238.0,13619.0,18619.0,8618.0,160508.0,155303.0,141758.0,8458.0,5087.0,1964.0,1964.0,1964.0,1964.0,,14574.0,,-22491.0,,,14329.0,8162.0,,85365.0,13596.0,67336.0,68886.0,71769.0,71769.0,,1550.0,,67336.0,0.29,0.28,233749.0,236340.0,209817.0,68886.0,87795.0,,1964.0,68886.0,-22491.0,-22491.0,0.0,-3582.0,11937.0,,,5205.0,,,,-2883.0,6170.0,,,,,,
FHN,24,FHN,2017-06-30,316850.0,200701.0,235341.0,196090.0,196090.0,35207.0,,,4044.0,34640.0,19186.0,2903.0,8348.0,,4203.0,116149.0,4351.0,52146.0,63670.0,37216.0,7698.0,1122.0,11524.0,,,55515.0,55515.0,,,4137.0,2000.0,205860.0,32121.0,12800.0,19321.0,13155.0,162059.0,157964.0,143796.0,8370.0,5798.0,1964.0,1964.0,1964.0,1964.0,,-3439.0,,-533.0,,,,533.0,,112457.0,17253.0,90802.0,92352.0,95204.0,95204.0,,1550.0,,90802.0,0.39,0.38,233482.0,236263.0,202701.0,92352.0,92803.0,,1964.0,92352.0,-533.0,-533.0,0.0,-81.7622,12029.0,,,4095.0,,,,-2852.0,5605.0,,,,,,
FHN,25,FHN,2017-03-31,295772.0,189708.0,218811.0,181747.0,181747.0,32185.0,,,4879.0,29103.0,16186.0,1392.0,7744.0,,3781.0,106064.0,3247.0,47969.0,58844.0,33794.0,6653.0,1036.0,10875.0,,,50722.0,50722.0,,,4126.0,1000.0,211622.0,29490.0,12340.0,17150.0,10029.0,156710.0,152109.0,139433.0,8129.0,4547.0,1232.0,1232.0,1232.0,1232.0,,14161.0,,292.0,,,,-292.0,,85442.0,27054.0,54018.0,55568.0,58388.0,58388.0,,1550.0,,54018.0,0.23,0.23,233076.0,236855.0,190708.0,55568.0,55368.0,,1232.0,55568.0,292.0,292.0,0.0,92.4472,11906.0,,,4601.0,,,,-2820.0,5455.0,,,,,,
FHN,26,FHN,2016-12-31,308715.0,195551.0,219897.0,186003.0,186003.0,33001.0,,,893.0,24346.0,11996.0,1151.0,7351.0,,3848.0,113164.0,3558.0,52812.0,63725.0,38370.0,7053.0,946.0,10913.0,,,51791.0,51791.0,,,5003.0,0.0,222300.0,32686.0,12818.0,19868.0,10865.0,161761.0,155668.0,141623.0,8034.0,6011.0,1300.0,1300.0,1300.0,1300.0,,15688.0,,-4684.0,,,0.0,4684.0,,81731.0,24008.0,53294.0,54844.0,57723.0,57723.0,,1550.0,,53294.0,0.23,0.23,232731.0,235590.0,195551.0,54844.0,58152.0,,1300.0,54844.0,-4684.0,-4684.0,0.0,-1376.0,11003.0,,,6093.0,,,,-2879.0,6353.0,,,,,,
C,5,C,2022-03-31,19188000.0,10871000.0,13151000.0,8716000.0,8716000.0,3196000.0,296000.0,394000.0,549000.0,2280000.0,871000.0,55000.0,925000.0,282000.0,147000.0,8317000.0,26000.0,3534000.0,3534000.0,966000.0,,2568000.0,,,1547000.0,-8000.0,-8000.0,,,201000.0,-730000.0,13192000.0,543000.0,,,,7158000.0,6847000.0,6820000.0,27000.0,,,,,,,5491000.0,,,,,,,,5266000.0,941000.0,4306000.0,4306000.0,4323000.0,4325000.0,,279000.0,8000.0,4306000.0,2.03,2.02,1971700.0,1988200.0,10141000.0,4306000.0,4308000.0,690000.0,1015000.0,4308000.0,,,0.0,0.0,767000.0,908000.0,4590000.0,311000.0,,-2000.0,,-17000.0,-75000.0,,,,,,
C,6,C,2021-12-31,17003000.0,10819000.0,12828000.0,8924000.0,8924000.0,3207000.0,159000.0,289000.0,249000.0,2009000.0,-134000.0,51000.0,856000.0,212000.0,112000.0,6184000.0,19000.0,4182000.0,4182000.0,953000.0,953000.0,3229000.0,,,1035000.0,-100000.0,-100000.0,,,398000.0,506000.0,13559000.0,620000.0,,,,7598000.0,7120000.0,7093000.0,27000.0,2084000.0,,,,,,5341000.0,,,,,,,,3950000.0,771000.0,3173000.0,3173000.0,3179000.0,3179000.0,,229000.0,8000.0,3173000.0,1.6,1.46,1984300.0,2001600.0,11325000.0,3173000.0,3173000.0,448000.0,985000.0,3173000.0,,,0.0,0.0,700000.0,1504000.0,1704000.0,478000.0,,0.0,,-6000.0,21000.0,,,,,,
C,7,C,2021-09-30,17164000.0,10398000.0,12650000.0,8874000.0,8874000.0,3169000.0,147000.0,264000.0,196000.0,2252000.0,1023000.0,8000.0,828000.0,287000.0,106000.0,6766000.0,25000.0,4406000.0,4406000.0,1007000.0,1007000.0,3399000.0,2660000.0,,924000.0,96000.0,96000.0,,,31000.0,204000.0,11506000.0,560000.0,,,,6482000.0,6080000.0,6058000.0,22000.0,1997000.0,,,,,,4464000.0,,-680000.0,-680000.0,,,,,5862000.0,1193000.0,4352000.0,4644000.0,4668000.0,4669000.0,,266000.0,8000.0,4360000.0,2.17,2.15,2009300.0,2026200.0,10602000.0,4644000.0,4645000.0,411000.0,1035000.0,4645000.0,-680000.0,-680000.0,0.0,0.0,773000.0,1493000.0,2233000.0,402000.0,,-1000.0,,-24000.0,53000.0,,,,,,
C,8,C,2021-06-30,17470000.0,10199000.0,12463000.0,8733000.0,8733000.0,3288000.0,126000.0,205000.0,111000.0,2264000.0,955000.0,31000.0,868000.0,260000.0,150000.0,7271000.0,30000.0,4396000.0,4396000.0,1022000.0,1022000.0,3374000.0,2515000.0,,965000.0,120000.0,120000.0,,,451000.0,1085000.0,11207000.0,558000.0,,,,6337000.0,5997000.0,5982000.0,15000.0,1895000.0,,,,,,4312000.0,,,,,,,,7348000.0,1155000.0,6193000.0,6193000.0,6203000.0,6193000.0,,253000.0,8000.0,6193000.0,2.87,2.85,2056500.0,2073000.0,11284000.0,6193000.0,6183000.0,331000.0,982000.0,6183000.0,,,0.0,0.0,821000.0,1386000.0,2304000.0,340000.0,,10000.0,,-10000.0,132000.0,,,,,,
C,9,C,2021-03-31,19338000.0,10166000.0,12534000.0,8909000.0,8909000.0,3089000.0,145000.0,294000.0,97000.0,2368000.0,712000.0,31000.0,918000.0,253000.0,114000.0,9172000.0,20000.0,4631000.0,4631000.0,961000.0,961000.0,3670000.0,2171000.0,,962000.0,343000.0,343000.0,,,285000.0,2096000.0,11125000.0,576000.0,,,,6323000.0,6053000.0,6001000.0,52000.0,1852000.0,,,,,,4226000.0,,,,,,,,10309000.0,2332000.0,7942000.0,7942000.0,7975000.0,7977000.0,,292000.0,7000.0,7942000.0,3.64,3.62,2082000.0,2096600.0,12262000.0,7942000.0,7944000.0,439000.0,962000.0,7944000.0,,,0.0,0.0,942000.0,1624000.0,3913000.0,270000.0,,-2000.0,,-33000.0,75000.0,,,,,,
C,10,C,2020-12-31,16513000.0,10483000.0,13047000.0,9365000.0,9365000.0,3114000.0,126000.0,322000.0,88000.0,2564000.0,1161000.0,18000.0,1016000.0,247000.0,122000.0,6030000.0,26000.0,3585000.0,3585000.0,907000.0,907000.0,2678000.0,2470000.0,32000.0,1089000.0,276000.0,276000.0,,,210000.0,48000.0,10730000.0,631000.0,,,,5709000.0,5357000.0,5341000.0,16000.0,2028000.0,,,,,,4390000.0,,,,,,,,5831000.0,1183000.0,4632000.0,4632000.0,4654000.0,4648000.0,,267000.0,9000.0,4632000.0,2.22,2.08,2081900.0,2095700.0,10531000.0,4632000.0,4626000.0,448000.0,1051000.0,4626000.0,,,0.0,0.0,702000.0,1009000.0,1959000.0,352000.0,,6000.0,,-22000.0,-96000.0,,,,,,
C,11,C,2020-09-30,17318000.0,10493000.0,13314000.0,9421000.0,9421000.0,3294000.0,116000.0,352000.0,98000.0,2821000.0,1293000.0,88000.0,1025000.0,292000.0,123000.0,6825000.0,25000.0,3645000.0,3645000.0,892000.0,892000.0,2753000.0,2146000.0,33000.0,960000.0,294000.0,294000.0,,,378000.0,-2220000.0,11022000.0,575000.0,,,,5891000.0,5653000.0,5595000.0,58000.0,1891000.0,,,,,,4556000.0,,,,,,,,4076000.0,815000.0,3230000.0,3230000.0,3254000.0,3261000.0,,284000.0,7000.0,3230000.0,1.37,1.36,2081800.0,2094300.0,8273000.0,3230000.0,3237000.0,468000.0,1033000.0,3237000.0,,,0.0,0.0,746000.0,1076000.0,2508000.0,238000.0,,-7000.0,,-24000.0,15000.0,,,,,,
C,12,C,2020-06-30,19735000.0,11080000.0,14589000.0,10149000.0,10149000.0,3727000.0,159000.0,401000.0,110000.0,3509000.0,1469000.0,140000.0,1303000.0,453000.0,144000.0,8655000.0,31000.0,3752000.0,3752000.0,819000.0,819000.0,2933000.0,1815000.0,43000.0,1114000.0,640000.0,640000.0,,,106000.0,-7857000.0,10430000.0,562000.0,,,,5938000.0,5639000.0,5624000.0,15000.0,1741000.0,,,,,,3930000.0,,,,,,,,1448000.0,131000.0,1316000.0,1316000.0,1316000.0,1317000.0,,253000.0,0.0,1316000.0,0.38,0.38,2081700.0,2084300.0,3223000.0,1316000.0,1317000.0,560000.0,926000.0,1317000.0,,,0.0,0.0,686000.0,1358000.0,4157000.0,299000.0,,-1000.0,,0.0,-52000.0,,,,,,
C,13,C,2020-03-31,20999000.0,11492000.0,17139000.0,11250000.0,11250000.0,3845000.0,527000.0,1208000.0,283000.0,5647000.0,2389000.0,384000.0,1325000.0,1085000.0,239000.0,9507000.0,43000.0,3875000.0,3875000.0,854000.0,854000.0,3021000.0,2242000.0,26000.0,995000.0,371000.0,371000.0,,,-274000.0,-6997000.0,10892000.0,565000.0,,565000.0,,6006000.0,5678000.0,5654000.0,24000.0,1723000.0,,,,,,4321000.0,,,,,,,,3110000.0,576000.0,2522000.0,2522000.0,2516000.0,2534000.0,,291000.0,7000.0,2522000.0,1.06,1.06,2097900.0,2113700.0,4495000.0,2522000.0,2540000.0,1735000.0,927000.0,2540000.0,,,0.0,0.0,826000.0,1040000.0,5261000.0,328000.0,,-18000.0,,6000.0,113000.0,,,,,,
C,14,C,2019-12-31,18378000.0,11997000.0,18545000.0,11809000.0,11809000.0,4311000.0,603000.0,1450000.0,334000.0,6548000.0,2753000.0,489000.0,1470000.0,1320000.0,316000.0,6381000.0,110000.0,3856000.0,3856000.0,823000.0,823000.0,3033000.0,2464000.0,38000.0,344000.0,510000.0,510000.0,,,603000.0,-2197000.0,10479000.0,615000.0,,615000.0,,5435000.0,5090000.0,5065000.0,25000.0,1850000.0,,,,,,4429000.0,,,,,,,,5702000.0,703000.0,4979000.0,4979000.0,4995000.0,4999000.0,,297000.0,9000.0,4979000.0,2.32,2.15,2149400.0,2166800.0,9800000.0,4979000.0,4983000.0,2053000.0,1039000.0,4983000.0,,,0.0,0.0,622000.0,1012000.0,1412000.0,345000.0,,-4000.0,,-16000.0,301000.0,,,,,,
C,15,C,2019-09-30,18576000.0,11641000.0,19177000.0,11993000.0,11993000.0,4259000.0,736000.0,1745000.0,399000.0,7536000.0,3170000.0,609000.0,1583000.0,1630000.0,345000.0,6935000.0,21000.0,3786000.0,3786000.0,880000.0,880000.0,2906000.0,2445000.0,45000.0,406000.0,347000.0,347000.0,,,-2000.0,-2071000.0,10483000.0,580000.0,,580000.0,,5724000.0,5346000.0,5329000.0,17000.0,1783000.0,,,,,,4179000.0,,,,,,,,6022000.0,1079000.0,4913000.0,4913000.0,4928000.0,4943000.0,,254000.0,9000.0,4913000.0,2.09,2.07,2220800.0,2237100.0,9570000.0,4913000.0,4928000.0,2481000.0,983000.0,4928000.0,,,0.0,0.0,684000.0,911000.0,2802000.0,378000.0,,-15000.0,,-15000.0,266000.0,,,,,,
C,16,C,2019-06-30,18758000.0,11950000.0,19712000.0,11981000.0,11981000.0,4590000.0,736000.0,1893000.0,457000.0,7762000.0,3095000.0,715000.0,1719000.0,1724000.0,320000.0,6808000.0,27000.0,3750000.0,3750000.0,869000.0,869000.0,2881000.0,2451000.0,55000.0,427000.0,463000.0,463000.0,,,721000.0,-2074000.0,10519000.0,569000.0,,569000.0,,5834000.0,5400000.0,5381000.0,19000.0,1724000.0,,,,,,4116000.0,,,,,,,,6165000.0,1373000.0,4799000.0,4799000.0,4809000.0,4792000.0,,296000.0,,4799000.0,1.95,1.95,2286100.0,2289000.0,9876000.0,4799000.0,4782000.0,2629000.0,952000.0,4782000.0,,,0.0,0.0,649000.0,934000.0,1874000.0,434000.0,,17000.0,,-10000.0,259000.0,,,,,,
C,17,C,2019-03-31,18576000.0,11759000.0,19076000.0,11969000.0,11969000.0,4185000.0,607000.0,1783000.0,483000.0,7317000.0,3027000.0,652000.0,1722000.0,1589000.0,327000.0,6817000.0,28000.0,3765000.0,3765000.0,839000.0,839000.0,2926000.0,2214000.0,49000.0,473000.0,122000.0,122000.0,,,126000.0,-1968000.0,10596000.0,564000.0,,564000.0,,6029000.0,5670000.0,5658000.0,12000.0,1720000.0,,,,,,4003000.0,,,,,,,,6012000.0,1275000.0,4710000.0,4710000.0,4735000.0,4737000.0,,262000.0,,4710000.0,1.88,1.87,2340400.0,2342400.0,9791000.0,4710000.0,4712000.0,2390000.0,931000.0,4712000.0,,,0.0,0.0,657000.0,914000.0,2804000.0,359000.0,,-2000.0,,-25000.0,221000.0,,,,,,
C,18,C,2018-12-31,17124000.0,11923000.0,18776000.0,11961000.0,11961000.0,3933000.0,649000.0,1692000.0,481000.0,6853000.0,2619000.0,637000.0,1678000.0,1466000.0,277000.0,5201000.0,27000.0,3743000.0,3743000.0,830000.0,830000.0,2913000.0,2313000.0,60000.0,36000.0,61000.0,61000.0,,,341000.0,-1897000.0,9921000.0,596000.0,,596000.0,,4979000.0,4604000.0,4576000.0,28000.0,1832000.0,,,,,,4346000.0,,,,,,,,5306000.0,1001000.0,4313000.0,4313000.0,4297000.0,4305000.0,,313000.0,,4313000.0,1.8,1.64,2401100.0,2402700.0,10026000.0,4313000.0,4321000.0,2341000.0,954000.0,4321000.0,,,0.0,0.0,628000.0,873000.0,1056000.0,375000.0,,-8000.0,,16000.0,278000.0,,,,,,
C,19,C,2018-09-30,18389000.0,11802000.0,18170000.0,11639000.0,11639000.0,3980000.0,629000.0,1425000.0,434000.0,6368000.0,2269000.0,578000.0,1687000.0,1250000.0,273000.0,6587000.0,29000.0,3714000.0,3714000.0,911000.0,911000.0,2803000.0,2255000.0,63000.0,467000.0,-1000.0,-1000.0,,,308000.0,-1948000.0,10337000.0,565000.0,,565000.0,,5723000.0,5345000.0,5319000.0,26000.0,1806000.0,,,,,,4049000.0,,,,,,,,6104000.0,1471000.0,4622000.0,4622000.0,4625000.0,4633000.0,,270000.0,,4622000.0,1.73,1.73,2479800.0,2481400.0,9854000.0,4622000.0,4630000.0,2054000.0,945000.0,4630000.0,,,0.0,0.0,652000.0,856000.0,2566000.0,378000.0,,-8000.0,,-3000.0,265000.0,,,,,,
C,20,C,2018-06-30,18469000.0,11665000.0,17550000.0,11190000.0,11190000.0,4053000.0,493000.0,1336000.0,394000.0,5885000.0,1925000.0,523000.0,1658000.0,1224000.0,236000.0,6804000.0,31000.0,4045000.0,4045000.0,934000.0,934000.0,3111000.0,2197000.0,84000.0,175000.0,87000.0,87000.0,,,521000.0,-1791000.0,10733000.0,570000.0,,570000.0,,5884000.0,5473000.0,5452000.0,21000.0,1797000.0,,,,,,4279000.0,,,,,,,,5945000.0,1444000.0,4490000.0,4490000.0,4516000.0,4501000.0,,318000.0,,4490000.0,1.63,1.63,2530900.0,2532300.0,9874000.0,4490000.0,4475000.0,1829000.0,929000.0,4475000.0,,,0.0,0.0,697000.0,1012000.0,2151000.0,411000.0,,15000.0,,-26000.0,279000.0,,,,,,
C,21,C,2018-03-31,18872000.0,11172000.0,16332000.0,10892000.0,10892000.0,3543000.0,432000.0,1039000.0,364000.0,5160000.0,1621000.0,471000.0,1528000.0,949000.0,215000.0,7700000.0,32000.0,3935000.0,3935000.0,905000.0,905000.0,3030000.0,,62000.0,745000.0,142000.0,142000.0,,,334000.0,-1831000.0,10951000.0,593000.0,,593000.0,,6214000.0,5833000.0,5807000.0,26000.0,1758000.0,,,,,,4144000.0,,,,,,,,6090000.0,1441000.0,4620000.0,4620000.0,4642000.0,4649000.0,,272000.0,,4620000.0,1.68,1.68,2561600.0,2563000.0,9341000.0,4620000.0,4627000.0,1471000.0,926000.0,4627000.0,,,0.0,0.0,814000.0,822000.0,3289000.0,381000.0,,-7000.0,,-22000.0,312000.0,,,,,,
C,22,C,2017-12-31,17255000.0,11223000.0,15759000.0,10563000.0,10563000.0,3442000.0,479000.0,901000.0,317000.0,4536000.0,1480000.0,340000.0,1447000.0,780000.0,176000.0,6032000.0,-369000.0,3994000.0,3994000.0,788000.0,788000.0,3206000.0,,57000.0,488000.0,136000.0,136000.0,,,488000.0,-2045000.0,10111000.0,621000.0,,621000.0,,5294000.0,4908000.0,4880000.0,28000.0,1783000.0,,,,,,4196000.0,,,,,,,,5099000.0,23270000.0,-18299000.0,-18299000.0,-18280000.0,-18171000.0,,320000.0,,-18299000.0,-7.02,-7.15,2606200.0,2606200.0,9178000.0,-18299000.0,-18190000.0,1380000.0,942000.0,-18190000.0,,,0.0,0.0,,924000.0,1414000.0,386000.0,,-109000.0,,-19000.0,429000.0,,,,,,
C,23,C,2017-09-30,18173000.0,11442000.0,15821000.0,10652000.0,10652000.0,3480000.0,486000.0,858000.0,292000.0,4379000.0,1474000.0,318000.0,1405000.0,712000.0,169000.0,6731000.0,166000.0,3941000.0,3941000.0,1010000.0,1010000.0,2931000.0,,53000.0,610000.0,198000.0,198000.0,,,256000.0,-1971000.0,10199000.0,608000.0,,608000.0,,5749000.0,5332000.0,5304000.0,28000.0,1759000.0,,,,,,3842000.0,,,,,,,,6003000.0,1866000.0,4133000.0,4133000.0,4132000.0,4137000.0,,272000.0,,4133000.0,1.42,1.42,2683600.0,2683700.0,9471000.0,4133000.0,4138000.0,1344000.0,920000.0,4138000.0,,,0.0,0.0,,911000.0,2170000.0,417000.0,,-5000.0,,1000.0,406000.0,,,,,,
C,24,C,2017-06-30,18024000.0,11165000.0,15201000.0,10199000.0,10199000.0,3481000.0,375000.0,828000.0,260000.0,4036000.0,1274000.0,202000.0,1409000.0,676000.0,146000.0,6859000.0,156000.0,3940000.0,3940000.0,1003000.0,1003000.0,2937000.0,,58000.0,802000.0,201000.0,201000.0,,,-123000.0,-1694000.0,10652000.0,604000.0,,604000.0,,5918000.0,5486000.0,5463000.0,23000.0,1690000.0,,,,,,4130000.0,,,,,,,,5678000.0,1795000.0,3872000.0,3872000.0,3904000.0,3883000.0,,320000.0,,3872000.0,1.28,1.28,2739100.0,2739200.0,9471000.0,3872000.0,3851000.0,1203000.0,901000.0,3851000.0,,,0.0,0.0,,916000.0,2562000.0,432000.0,,21000.0,,-32000.0,364000.0,,,,,,
C,25,C,2017-03-31,18120000.0,10857000.0,14423000.0,9947000.0,9947000.0,3172000.0,295000.0,661000.0,294000.0,3566000.0,1110000.0,199000.0,1312000.0,493000.0,147000.0,7263000.0,169000.0,3652000.0,3652000.0,893000.0,893000.0,2759000.0,,54000.0,588000.0,180000.0,180000.0,,,240000.0,-1632000.0,10507000.0,620000.0,,620000.0,,5937000.0,5564000.0,5534000.0,30000.0,1659000.0,,,,,,3950000.0,,,,,,,,5981000.0,1863000.0,4090000.0,4090000.0,4100000.0,4118000.0,,301000.0,,4090000.0,1.35,1.35,2765300.0,2765500.0,9225000.0,4090000.0,4108000.0,956000.0,896000.0,4108000.0,,,0.0,0.0,,862000.0,3022000.0,373000.0,,-18000.0,,-10000.0,311000.0,,,,,,
C,26,C,2016-12-31,17012000.0,11162000.0,14439000.0,10013000.0,10013000.0,3182000.0,268000.0,596000.0,320000.0,3277000.0,1040000.0,177000.0,1205000.0,424000.0,124000.0,5850000.0,171000.0,3502000.0,3502000.0,813000.0,813000.0,2689000.0,,60000.0,245000.0,270000.0,270000.0,,,216000.0,-1760000.0,10152000.0,625000.0,,625000.0,,5420000.0,5014000.0,4982000.0,32000.0,1685000.0,,,,,,4107000.0,,,,,,,,5100000.0,1509000.0,3573000.0,3573000.0,3588000.0,3591000.0,,320000.0,,3573000.0,1.27,1.14,2813800.0,2814200.0,9402000.0,3573000.0,3576000.0,864000.0,1006000.0,3576000.0,,,0.0,0.0,,794000.0,1691000.0,406000.0,,-3000.0,,-15000.0,337000.0,,,,,,
FCNCA,5,FCNCA,2022-03-31,1038000.0,649000.0,710000.0,621000.0,621000.0,83000.0,,,6000.0,61000.0,39000.0,,22000.0,,,389000.0,,134000.0,158000.0,123000.0,35000.0,,24000.0,,,3000.0,3000.0,,,252000.0,-464000.0,651000.0,101000.0,49000.0,52000.0,,407000.0,407000.0,352000.0,12000.0,,87000.0,87000.0,6000.0,6000.0,,56000.0,,302000.0,,,-6000.0,,,225000.0,-46000.0,264000.0,271000.0,271000.0,271000.0,,7000.0,,264000.0,16.7,16.7,15779.0,15779.0,185000.0,271000.0,89800.0,,126000.0,271000.0,302000.0,302000.0,0.0,120800.0,,,,,-296000.0,,,,,43000.0,43000.0,81000.0,,,
FCNCA,6,FCNCA,2021-12-31,455620.0,357402.0,372007.0,328288.0,,43719.0,,,,14605.0,7832.0,,6513.0,260.0,,98218.0,,92070.0,108111.0,75209.0,32902.0,,16041.0,,,3066.0,3066.0,,,3082.0,5138.0,297285.0,60134.0,29897.0,30237.0,,197135.0,197135.0,193264.0,3871.0,16041.0,,,,,,40016.0,,-9862.0,,,,,,153611.0,30329.0,118646.0,123282.0,123282.0,123282.0,,4636.0,,118646.0,12.09,12.09,9816.0,9816.0,362540.0,123282.0,131201.0,,35466.0,123282.0,-9862.0,-9862.0,0.0,-1943.0,,,,,9862.0,,,,,,,,,,
FCNCA,7,FCNCA,2021-09-30,454229.0,346887.0,361855.0,319214.0,,42641.0,,,,14968.0,8073.0,,6537.0,358.0,,107342.0,,93271.0,108873.0,76938.0,31935.0,,15602.0,,,11432.0,11432.0,,,2639.0,1120.0,290203.0,59330.0,29101.0,30229.0,,196754.0,196754.0,193093.0,3661.0,15602.0,,,,,,34119.0,,-7013.0,,,,,,158133.0,34060.0,119437.0,124073.0,124073.0,124073.0,,4636.0,,119437.0,12.17,12.17,9816.0,9816.0,348007.0,124073.0,129578.0,,31428.0,124073.0,-7013.0,-7013.0,0.0,-1508.0,,,,,7013.0,,,,,,,,,,
FCNCA,8,FCNCA,2021-06-30,466116.0,346393.0,361825.0,324288.0,,37537.0,,,,15432.0,8542.0,,6534.0,356.0,,119723.0,,90375.0,104802.0,73049.0,31753.0,3704.0,14427.0,,,27484.0,27484.0,,,1864.0,19603.0,281382.0,57341.0,28439.0,28902.0,,192323.0,192323.0,188941.0,3382.0,14427.0,,,,,,31718.0,,-5769.0,,,,,,198568.0,45780.0,148152.0,152788.0,152788.0,152788.0,,4636.0,,148152.0,15.09,15.09,9816.0,9816.0,365996.0,152788.0,157224.0,,31614.0,152788.0,-5769.0,-5769.0,0.0,-1333.0,,,,,5769.0,,,,,,,,,,
FCNCA,9,FCNCA,2021-03-31,476301.0,339652.0,355323.0,323023.0,,32300.0,,,,15671.0,8793.0,0.0,6540.0,338.0,,136649.0,,95898.0,109571.0,77373.0,32198.0,3998.0,13673.0,,,25218.0,25218.0,,,136649.0,10974.0,295926.0,59546.0,29743.0,29803.0,,186773.0,186773.0,183555.0,3218.0,13673.0,,,,,,29115.0,,-6819.0,,,,,,191349.0,44033.0,142680.0,147316.0,147316.0,147316.0,,4636.0,,142680.0,14.53,14.53,9816.0,9816.0,350626.0,147316.0,147316.0,,33659.0,147316.0,-6819.0,-6819.0,0.0,0.0,,,,,6819.0,,,,,,,,,,
FCNCA,10,FCNCA,2020-12-31,485481.0,358716.0,376876.0,344691.0,,32185.0,,,,18160.0,11057.0,0.0,6729.0,374.0,,126765.0,,88128.0,100434.0,72810.0,27624.0,4091.0,12306.0,,,24215.0,24215.0,,,126765.0,-5403.0,305373.0,61624.0,32143.0,29481.0,,207942.0,197932.0,182416.0,3337.0,24485.0,,,,,,-8847.0,,-5342.0,,,,,,174705.0,36621.0,133448.0,138084.0,138084.0,138084.0,,4636.0,,133448.0,13.59,13.59,9816.0,9816.0,353313.0,138084.0,138084.0,,41684.0,138084.0,-5342.0,-5342.0,0.0,0.0,,,,,5342.0,,,,,,,,,,
FCNCA,11,FCNCA,2020-09-30,474231.0,353659.0,374334.0,336934.0,,37997.0,,,-597.0,20675.0,13468.0,0.0,6812.0,395.0,,120572.0,,87913.0,99840.0,73471.0,26369.0,3576.0,11927.0,,,18724.0,18724.0,,,120572.0,-4042.0,291662.0,57420.0,27990.0,29430.0,,181252.0,181252.0,179085.0,2167.0,11927.0,,,,,,37556.0,,-3507.0,,,,,,178527.0,35843.0,138048.0,142684.0,142684.0,142684.0,,4636.0,,138048.0,14.03,14.03,9837.0,9837.0,349617.0,142684.0,142684.0,,33488.0,142684.0,-3507.0,-3507.0,0.0,0.0,,,,,3507.0,,,,,,,,,,
FCNCA,12,FCNCA,2020-06-30,502796.0,337394.0,363257.0,326618.0,,37210.0,,,-571.0,25863.0,17916.0,248.0,7300.0,399.0,,165402.0,,74197.0,84383.0,62012.0,22371.0,3189.0,10186.0,,,78322.0,78322.0,,,165402.0,-20552.0,291679.0,58330.0,29556.0,28774.0,,180728.0,180728.0,176997.0,3731.0,10186.0,,,,,,38066.0,,-4369.0,,,,,,190565.0,36779.0,153786.0,153786.0,153786.0,153786.0,,4790.0,,153786.0,14.74,14.74,10106.0,10106.0,316842.0,153786.0,153786.0,,33231.0,153786.0,-4369.0,-4369.0,0.0,0.0,,,,,4369.0,,,,,,,,,,
FCNCA,13,FCNCA,2020-03-31,402411.0,338400.0,369559.0,326155.0,,44178.0,,,-774.0,31159.0,24194.0,804.0,5719.0,442.0,,64011.0,,84627.0,94999.0,68587.0,26412.0,3688.0,10372.0,,,-31613.0,-31613.0,,,64011.0,-28355.0,299971.0,55330.0,27480.0,27850.0,,187232.0,187232.0,183766.0,3466.0,10372.0,,,,,,42805.0,,-4232.0,,,,,,74085.0,16916.0,57169.0,57169.0,57169.0,57169.0,,,,57169.0,5.46,5.46,10473.0,10473.0,310045.0,57169.0,57169.0,,33039.0,57169.0,-4232.0,-4232.0,0.0,0.0,,,,,4232.0,,,,,,,,,,
FCNCA,14,FCNCA,2019-12-31,431517.0,327124.0,354048.0,308832.0,,46137.0,,,-921.0,26924.0,22433.0,190.0,3822.0,479.0,,104393.0,,85139.0,93711.0,69256.0,24455.0,3705.0,8572.0,,,7380.0,7380.0,,,104393.0,-7727.0,292262.0,56660.0,28369.0,28291.0,3517.0,182114.0,179108.0,173735.0,2807.0,2566.0,3817.0,3817.0,3817.0,3817.0,,30111.0,,-7471.0,,,0.0,,,131528.0,29654.0,101874.0,101874.0,101874.0,101874.0,,,,101874.0,9.55,9.55,10708.0,10708.0,319397.0,101874.0,101874.0,,32731.0,101874.0,-7471.0,-7471.0,0.0,0.0,,,,3006.0,7471.0,,,,,,,,,,
FCNCA,15,FCNCA,2019-09-30,437355.0,336425.0,362318.0,315621.0,,47594.0,,,-897.0,25893.0,21737.0,203.0,3411.0,542.0,,100930.0,,87335.0,94585.0,69373.0,25212.0,2960.0,7250.0,,,169.0,169.0,,,100930.0,-6766.0,270425.0,56933.0,28163.0,28770.0,2764.0,173967.0,171030.0,166199.0,2440.0,2391.0,4049.0,4049.0,4049.0,4049.0,,21570.0,,-3892.0,,,0.0,,,160164.0,35385.0,124779.0,124779.0,124779.0,124779.0,,,,124779.0,11.27,11.27,11060.0,11060.0,329659.0,124779.0,124779.0,,32365.0,124779.0,-3892.0,-3892.0,0.0,0.0,,,,2937.0,3892.0,,,,,,,,,,
FCNCA,16,FCNCA,2019-06-30,434223.0,327348.0,350721.0,303233.0,,47488.0,,,,23373.0,19157.0,278.0,3423.0,515.0,,106875.0,,86337.0,92978.0,68405.0,24573.0,2854.0,6641.0,,,8863.0,8863.0,,,106875.0,-5198.0,273397.0,55375.0,26886.0,28489.0,3639.0,174815.0,171873.0,166723.0,2757.0,2393.0,4233.0,4233.0,4233.0,4233.0,,24610.0,,-4084.0,,,0.0,,,155628.0,36269.0,119359.0,119359.0,119359.0,119359.0,,,,119359.0,10.56,10.56,11287.0,11287.0,322150.0,119359.0,119359.0,,28455.0,119359.0,-4084.0,-4084.0,0.0,0.0,,,,2942.0,4084.0,,,,,,,,,,
FCNCA,17,FCNCA,2019-03-31,424135.0,320472.0,336924.0,290922.0,,46002.0,,,,16452.0,12926.0,0.0,3067.0,459.0,,103663.0,,81327.0,88416.0,63415.0,25001.0,3291.0,7089.0,,,11328.0,11328.0,,,103663.0,-11750.0,267657.0,54501.0,27761.0,26740.0,,167616.0,167616.0,164956.0,2660.0,7089.0,,,,,,36732.0,,-1719.0,,,0.0,,,144728.0,33369.0,111359.0,111359.0,111359.0,111359.0,,,,111359.0,9.67,9.67,11519.0,11519.0,308722.0,111359.0,111359.0,,34138.0,111359.0,-1719.0,-1719.0,0.0,0.0,,,,,1719.0,,,,,,,,,,
FCNCA,18,FCNCA,2018-12-31,402889.0,320882.0,333573.0,287768.0,,45805.0,,,,12691.0,9059.0,298.0,2915.0,419.0,,82007.0,,64481.0,94498.0,70075.0,24423.0,3231.0,,,,-16524.0,-16524.0,,,82007.0,-11585.0,275378.0,55371.0,28483.0,26888.0,,164806.0,164806.0,162327.0,2479.0,,,,,,,275378.0,,0.0,,,-36.0,,,115926.0,26453.0,89473.0,89473.0,89473.0,89473.0,,,,89473.0,7.62,7.62,11764.0,11764.0,309297.0,89473.0,89473.0,,31365.0,89473.0,0.0,0.0,0.0,0.0,,,,,0.0,,,,,,,,,,
FCNCA,19,FCNCA,2018-09-30,401893.0,307362.0,315706.0,272215.0,,43491.0,,,,8344.0,5147.0,287.0,2512.0,398.0,,94531.0,,87436.0,87436.0,62977.0,24459.0,2755.0,,,,3854.0,3854.0,,,94531.0,-840.0,267537.0,52512.0,26632.0,25880.0,,167903.0,167903.0,162717.0,5186.0,,,,,,,267537.0,,0.0,,,-703.0,,,133516.0,16198.0,117318.0,117318.0,117318.0,117318.0,,,,117318.0,9.8,9.8,11971.0,11971.0,306522.0,117318.0,117318.0,,30159.0,117318.0,0.0,0.0,0.0,0.0,,,,,0.0,,,,,,,,,,
FCNCA,20,FCNCA,2018-06-30,397146.0,296219.0,303877.0,261086.0,,42791.0,,,,7658.0,4521.0,448.0,2316.0,373.0,,100927.0,,90486.0,90486.0,64971.0,25515.0,2940.0,,,,4440.0,4440.0,,,100927.0,-8438.0,265993.0,51267.0,26100.0,25167.0,,165048.0,165048.0,159556.0,5492.0,,,,,,,47266.0,,-2412.0,,,,,,122715.0,29424.0,93291.0,93291.0,93291.0,93291.0,,,,93291.0,7.77,7.77,12010.0,12010.0,287781.0,93291.0,93291.0,,29677.0,93291.0,-2412.0,-2412.0,0.0,0.0,,,,,2412.0,,,,,,,,,,
FCNCA,21,FCNCA,2018-03-31,437554.0,284437.0,292601.0,251982.0,,40619.0,,,,8164.0,3756.0,886.0,2974.0,548.0,,153117.0,,88735.0,88735.0,65166.0,23569.0,3776.0,,,,971.0,971.0,,,153117.0,-7605.0,298496.0,52928.0,27954.0,24974.0,,167027.0,167027.0,161294.0,5733.0,,,,,,,298496.0,,0.0,,,-25814.0,,,131453.0,31222.0,100231.0,100231.0,100231.0,100231.0,,,,100231.0,8.35,8.35,12010.0,12010.0,276832.0,100231.0,100231.0,,29228.0,100231.0,0.0,0.0,0.0,0.0,,,,,0.0,,,,,,,,,,
FCNCA,22,FCNCA,2017-12-31,414919.0,274769.0,285958.0,247015.0,,38943.0,,,,11189.0,3789.0,1031.0,5747.0,622.0,,140150.0,,89984.0,118378.0,95775.0,22603.0,3450.0,28394.0,,,-371.0,-371.0,,,140150.0,2809.0,294617.0,51624.0,27275.0,24349.0,,158953.0,158953.0,153509.0,5444.0,,,,,,,54879.0,,-767.0,,,,,,123111.0,68704.0,54407.0,54407.0,54407.0,54407.0,,,,54407.0,4.53,4.53,12010.0,12010.0,277578.0,54407.0,54407.0,,28903.0,54407.0,-767.0,-767.0,0.0,0.0,,,,,767.0,,,,,,,,,,
FCNCA,23,FCNCA,2017-09-30,398562.0,273175.0,284333.0,246260.0,,38073.0,,,,11158.0,3839.0,816.0,5890.0,613.0,,125387.0,,88634.0,116863.0,95629.0,21234.0,2894.0,28229.0,,,1337.0,1337.0,,,125387.0,-7946.0,286967.0,50481.0,26594.0,23887.0,,153565.0,153565.0,148116.0,5449.0,,,,,,,286967.0,,0.0,,,,,,103649.0,36585.0,67064.0,67064.0,67064.0,67064.0,,,,67064.0,5.58,5.58,12010.0,12010.0,265229.0,67064.0,67064.0,,28278.0,67064.0,0.0,0.0,0.0,0.0,,,,,0.0,,,,,,,,,,
FCNCA,24,FCNCA,2017-06-30,387081.0,261609.0,272542.0,235732.0,,36810.0,,,,10933.0,4132.0,637.0,5625.0,539.0,,125472.0,,87943.0,115329.0,93409.0,21920.0,2563.0,27386.0,,,3351.0,3351.0,,,125472.0,-12324.0,285606.0,50713.0,26059.0,24654.0,,150969.0,150969.0,145264.0,5705.0,,,,,,,285606.0,,122728.0,,,,,,211879.0,77219.0,134660.0,134660.0,134660.0,134660.0,,,,134660.0,11.21,11.21,12010.0,12010.0,249285.0,134660.0,56605.0,,28578.0,134660.0,122728.0,122728.0,0.0,44673.0,,,,,-122728.0,,,,,,,,,,
FCNCA,25,FCNCA,2017-03-31,365618.0,250343.0,260857.0,226630.0,,34227.0,,,,10514.0,4436.0,176.0,5498.0,404.0,,115275.0,,87521.0,109857.0,88895.0,20962.0,3558.0,22336.0,,,-24.0,-24.0,,,115275.0,-8231.0,264345.0,49350.0,24762.0,24588.0,,147149.0,147149.0,141556.0,5593.0,,,,,,,264345.0,,12017.0,,,,,,105059.0,37438.0,67621.0,67621.0,67621.0,67621.0,,,,67621.0,5.63,5.63,12010.0,12010.0,242112.0,67621.0,59882.0,,27887.0,67621.0,12017.0,12017.0,0.0,4278.0,,,,,-12017.0,,,,,,,,,,
FCNCA,26,FCNCA,2016-12-31,368615.0,243917.0,254782.0,225312.0,,29470.0,,,,10865.0,4452.0,52.0,5876.0,485.0,,124698.0,,15631.0,105545.0,86164.0,19381.0,2952.0,,,,9164.0,9164.0,,,124698.0,-16029.0,271531.0,51490.0,27785.0,23705.0,,143182.0,143182.0,137388.0,5794.0,,,,,,,271531.0,,0.0,,,,,,81055.0,28365.0,52690.0,52690.0,52690.0,52690.0,,,,52690.0,4.39,4.39,12010.0,12010.0,227888.0,52690.0,52690.0,,27552.0,52690.0,0.0,0.0,0.0,0.0,,,,,0.0,,,,,,,,,,
OVLY,5,OVLY,2022-03-31,12126.0,10958.0,10958.0,9122.0,9122.0,1813.0,256.0,10.0,,243.0,243.0,,,,,1168.0,182.0,824.0,824.0,824.0,,,,,,,,,,1168.0,0.0,9122.0,1035.0,1035.0,,,5676.0,5676.0,5676.0,,820.0,,,,,,2411.0,,,,,,,,3004.0,635.0,2369.0,2369.0,2369.0,2369.0,,,,2369.0,0.29,0.29,8158.0,8197.0,10958.0,2369.0,2369.0,266.0,333.0,2369.0,,,0.0,0.0,,,,,,,,,,,,,,,
OVLY,6,OVLY,2021-12-31,12851.0,11309.0,11309.0,9736.0,9736.0,1522.0,271.0,9.0,,229.0,229.0,,,,,1542.0,188.0,807.0,807.0,807.0,,,,,,153.0,153.0,,,1542.0,635.0,8877.0,1032.0,1032.0,,,5210.0,5210.0,5210.0,,825.0,,,,,,2635.0,,,,,,,,4609.0,1143.0,3466.0,3466.0,3466.0,3466.0,,,,3466.0,0.43,0.42,8060.0,8252.0,11944.0,3466.0,3466.0,280.0,333.0,3466.0,,,0.0,0.0,,,,,,,,,,,,,,,
OVLY,7,OVLY,2021-09-30,14599.0,13296.0,13296.0,11982.0,11982.0,1344.0,205.0,12.0,,247.0,247.0,,,,,1303.0,183.0,814.0,814.0,814.0,,,,,,0.0,0.0,,,1303.0,0.0,8407.0,989.0,989.0,,,5205.0,5205.0,5205.0,,667.0,,,,,,2213.0,,,,,,,,6192.0,1638.0,4554.0,4554.0,4554.0,4554.0,,,,4554.0,0.56,0.56,8148.0,8183.0,13296.0,4554.0,4554.0,217.0,325.0,4554.0,,,0.0,0.0,,,,,,,,,,,,,,,
OVLY,8,OVLY,2021-06-30,13393.0,11988.0,11988.0,10865.0,10865.0,1299.0,76.0,7.0,,259.0,259.0,,,,,1405.0,184.0,802.0,802.0,802.0,,,,,,1.0,1.0,,,1405.0,0.0,8215.0,985.0,985.0,,,5052.0,5052.0,5052.0,,663.0,,,,,,2178.0,,,,,,,,5178.0,1218.0,3960.0,3960.0,3960.0,3960.0,,,,3960.0,0.49,0.48,8146.0,8178.0,11988.0,3960.0,3960.0,83.0,334.0,3960.0,,,0.0,0.0,,,,,,,,,,,,,,,
OVLY,9,OVLY,2021-03-31,13418.0,12242.0,12242.0,11184.0,11184.0,1238.0,49.0,6.0,,235.0,235.0,,,,,1176.0,164.0,707.0,707.0,707.0,,,,,,,,,,1176.0,0.0,7720.0,966.0,966.0,,,4742.0,4742.0,4742.0,,611.0,,,,,,2012.0,,,,,,,,5698.0,1341.0,4357.0,4357.0,4357.0,4357.0,,,,4357.0,0.54,0.53,8135.0,8166.0,12242.0,4357.0,4357.0,55.0,334.0,4357.0,,,0.0,0.0,,,,,,,,,,,,,,,
OVLY,10,OVLY,2020-12-31,13408.0,12128.0,12128.0,11040.0,11040.0,1284.0,40.0,6.0,,242.0,242.0,,0.0,,,1280.0,170.0,749.0,749.0,749.0,,,,,,35.0,1.0,,,1280.0,338.0,8040.0,937.0,937.0,,,5014.0,5014.0,5014.0,,641.0,,,,,,2089.0,,,,,,,,5706.0,1057.0,4649.0,4649.0,4649.0,4649.0,,,,4649.0,0.57,0.57,8129.0,8156.0,12466.0,4649.0,4649.0,46.0,329.0,4649.0,,,0.0,0.0,,,,,,,,,,,,,,,
OVLY,11,OVLY,2020-09-30,12683.0,11455.0,11455.0,10302.0,10302.0,1398.0,25.0,4.0,,274.0,272.0,,2.0,,,1228.0,174.0,695.0,695.0,695.0,,,,,,0.0,0.0,,,1228.0,-193.0,7501.0,951.0,951.0,,,4410.0,4410.0,4410.0,,644.0,,,,,,2140.0,,,,,,,,4989.0,1241.0,3748.0,3748.0,3748.0,3748.0,,,,3748.0,0.46,0.46,8126.0,8134.0,11262.0,3748.0,3748.0,29.0,296.0,3748.0,,,0.0,0.0,,,,,,,,,,,,,,,
OVLY,12,OVLY,2020-06-30,12169.0,11146.0,11146.0,9820.0,9820.0,1599.0,29.0,4.0,,306.0,274.0,,32.0,,,1023.0,176.0,587.0,587.0,587.0,,,,,,1.0,1.0,,,1023.0,-1860.0,6874.0,886.0,886.0,,,3947.0,3947.0,3947.0,,577.0,,,,,,2041.0,,,,,,,,3435.0,854.0,2581.0,2581.0,2581.0,2581.0,,,,2581.0,0.32,0.32,8124.0,8130.0,9286.0,2581.0,2581.0,33.0,309.0,2581.0,,,0.0,0.0,,,,,,,,,,,,,,,
OVLY,13,OVLY,2020-03-31,11512.0,10228.0,10228.0,8791.0,8791.0,1359.0,367.0,42.0,,331.0,331.0,,,,,1284.0,174.0,727.0,727.0,727.0,,,,,,,,,,1284.0,-450.0,7449.0,868.0,868.0,,,4601.0,4601.0,4601.0,,524.0,,,,,,1980.0,,,,,,,,3613.0,904.0,2709.0,2709.0,2709.0,2709.0,,,,2709.0,0.33,0.33,8115.0,8135.0,9778.0,2709.0,2709.0,409.0,265.0,2709.0,,,0.0,0.0,,,,,,,,,,,,,,,
OVLY,14,OVLY,2019-12-31,11604.0,10350.0,10350.0,8893.0,8893.0,1346.0,401.0,89.0,,379.0,379.0,,,,,1254.0,176.0,785.0,785.0,785.0,,,,,,1.0,1.0,,0.0,1254.0,-210.0,7146.0,835.0,835.0,,,4183.0,4183.0,4183.0,,541.0,,,,,,2129.0,,,,,,,,4248.0,1057.0,3191.0,3191.0,3191.0,3191.0,,,,3191.0,0.39,0.39,8108.0,8127.0,10140.0,3191.0,3191.0,490.0,275.0,3191.0,0.0,0.0,0.0,0.0,,,,,,,,,,,,,,,
OVLY,15,OVLY,2019-09-30,11720.0,10445.0,10445.0,8878.0,8878.0,1463.0,442.0,46.0,,384.0,384.0,,,,,1275.0,174.0,774.0,774.0,774.0,,,,,,27.0,27.0,,0.0,1275.0,-240.0,7157.0,911.0,911.0,,,4333.0,4333.0,4333.0,,505.0,,,,,,1913.0,,,,,,,,4323.0,1092.0,3231.0,3231.0,3231.0,3231.0,,,,3231.0,0.4,0.4,8105.0,8120.0,10205.0,3231.0,3231.0,488.0,276.0,3231.0,0.0,0.0,0.0,0.0,,,,,,,,,,,,,,,
OVLY,16,OVLY,2019-06-30,11370.0,10128.0,10128.0,8615.0,8615.0,1525.0,315.0,56.0,,383.0,383.0,,,,,1242.0,127.0,757.0,757.0,757.0,,,,,,1.0,1.0,,0.0,1242.0,-95.0,7310.0,857.0,857.0,,,4480.0,4480.0,4480.0,,574.0,,,,,,1973.0,,,,,,,,3965.0,1002.0,2963.0,2963.0,2963.0,2963.0,,,,2963.0,0.37,0.37,8103.0,8117.0,10033.0,2963.0,2963.0,371.0,268.0,2963.0,0.0,0.0,0.0,0.0,,,,,,,,,,,,,,,
OVLY,17,OVLY,2019-03-31,11386.0,10111.0,10111.0,8427.0,8427.0,1539.0,516.0,51.0,,422.0,422.0,,,,,1275.0,125.0,689.0,689.0,689.0,,,,,,109.0,109.0,,0.0,1275.0,0.0,7233.0,890.0,890.0,,,4404.0,4404.0,4404.0,,557.0,,,,,,1939.0,,,,,,,,4153.0,1049.0,3104.0,3104.0,3104.0,3104.0,,,,3104.0,0.38,0.38,8093.0,8102.0,10111.0,3104.0,3104.0,567.0,272.0,3104.0,0.0,0.0,0.0,0.0,,,,,,,,,,,,,,,
OVLY,18,OVLY,2018-12-31,11411.0,10179.0,10179.0,8352.0,8352.0,1529.0,773.0,52.0,,526.0,526.0,,,,,1232.0,130.0,734.0,734.0,734.0,,,,,,1.0,1.0,,0.0,1232.0,-555.0,6921.0,874.0,874.0,,,4104.0,4104.0,4104.0,,539.0,,,,,,1943.0,,,,,,,,3935.0,956.0,2979.0,2979.0,2979.0,2979.0,,,,2979.0,0.37,0.37,8087.0,8097.0,9624.0,2979.0,2979.0,825.0,273.0,2979.0,0.0,0.0,0.0,0.0,,,,,,,,,,,,,,,
OVLY,19,OVLY,2018-09-30,11081.0,9944.0,9944.0,8149.0,8149.0,1463.0,707.0,55.0,,430.0,430.0,,,,,1137.0,130.0,725.0,725.0,725.0,,,,,,3.0,3.0,,0.0,1137.0,0.0,6820.0,882.0,882.0,,,4088.0,4088.0,4088.0,,538.0,,,,,,1850.0,,,,,,,,4261.0,1096.0,3165.0,3165.0,3165.0,3165.0,,,,3165.0,0.39,0.39,8084.0,8104.0,9944.0,3165.0,3165.0,762.0,297.0,3165.0,0.0,0.0,0.0,0.0,,,,,,,,,,,,,,,
OVLY,20,OVLY,2018-06-30,10338.0,9327.0,9327.0,7628.0,7628.0,1417.0,594.0,47.0,,359.0,359.0,,,,,1011.0,126.0,705.0,705.0,705.0,,,,,,7.0,7.0,,0.0,1011.0,0.0,6905.0,988.0,988.0,,,4076.0,4076.0,4076.0,,540.0,,,,,,1841.0,,,,,,,,3433.0,842.0,2591.0,2591.0,2591.0,2591.0,,,,2591.0,0.32,0.32,8080.0,8098.0,9327.0,2591.0,2591.0,641.0,311.0,2591.0,0.0,0.0,0.0,0.0,,,,,,,,,,,,,,,
OVLY,21,OVLY,2018-03-31,10449.0,9117.0,9117.0,7571.0,7571.0,1228.0,571.0,37.0,,290.0,290.0,,,,,1332.0,125.0,680.0,680.0,680.0,,,,,,264.0,71.0,,193.0,1332.0,0.0,6732.0,887.0,887.0,,,4019.0,4019.0,4019.0,,530.0,,,,,,1826.0,,,,,,,,3717.0,915.0,2802.0,2802.0,2802.0,2802.0,,,,2802.0,0.35,0.35,8075.0,8077.0,9117.0,2802.0,2802.0,608.0,306.0,2802.0,193.0,193.0,0.0,0.0,,,,,,,,,,,,,,,
OVLY,22,OVLY,2017-12-31,10216.0,9023.0,9023.0,7677.0,7677.0,1190.0,413.0,35.0,,292.0,292.0,,,,,1193.0,128.0,414.0,414.0,414.0,,,,,,1.0,1.0,,,1193.0,-245.0,6222.0,850.0,850.0,,,3507.0,3507.0,3507.0,,517.0,,,,,,1866.0,,,,,,,,3749.0,2160.0,1589.0,1589.0,1589.0,1589.0,,,,1589.0,0.2,0.2,7945.0,7945.0,8778.0,1589.0,1589.0,448.0,277.0,1589.0,,,0.0,0.0,,,,,,,,,,,,,,,
OVLY,23,OVLY,2017-09-30,9896.0,8620.0,8620.0,7300.0,7300.0,1138.0,428.0,28.0,,274.0,274.0,,,,,1276.0,130.0,393.0,393.0,393.0,,,,,,4.0,4.0,,,1276.0,-70.0,6060.0,823.0,823.0,,,3534.0,3534.0,3534.0,,501.0,,,,,,1703.0,,,,,,,,3766.0,1298.0,2468.0,2468.0,2468.0,2468.0,,,,2468.0,0.31,0.31,8065.0,8083.0,8550.0,2468.0,2468.0,456.0,287.0,2468.0,,,0.0,0.0,,,,,,,,,,,,,,,
OVLY,24,OVLY,2017-06-30,10491.0,8455.0,8455.0,7230.0,7230.0,1102.0,372.0,21.0,,270.0,270.0,,,,,2036.0,128.0,388.0,388.0,388.0,,,,,,1.0,1.0,,,2036.0,-35.0,6076.0,817.0,817.0,,,3457.0,3457.0,3457.0,,545.0,,,,,,1802.0,,,,,,,,4380.0,1550.0,2830.0,2830.0,2830.0,2830.0,,,,2830.0,0.35,0.35,8062.0,8080.0,8420.0,2830.0,2830.0,393.0,268.0,2830.0,,,0.0,0.0,,,,,,,,,,,,,,,
OVLY,25,OVLY,2017-03-31,9553.0,8082.0,8082.0,6921.0,6921.0,1074.0,301.0,15.0,,229.0,229.0,,,,,1471.0,128.0,397.0,397.0,397.0,,,,,,389.0,389.0,,,1471.0,0.0,6207.0,856.0,856.0,,,3612.0,3612.0,3612.0,,490.0,,,,,,1739.0,,,,,,,,3346.0,1139.0,2207.0,2207.0,2207.0,2207.0,,,,2207.0,0.27,0.27,8042.0,8072.0,8082.0,2207.0,2207.0,316.0,292.0,2207.0,,,0.0,0.0,,,,,,,,,,,,,,,
OVLY,26,OVLY,2016-12-31,9291.0,8049.0,8049.0,6979.0,6979.0,1086.0,175.0,17.0,,209.0,209.0,,,,,1242.0,136.0,403.0,403.0,403.0,,,,,,24.0,24.0,,,1242.0,-69.0,6017.0,814.0,814.0,,,3614.0,3614.0,3614.0,,396.0,,,,,,1589.0,,,,,,,,3205.0,883.0,2322.0,2322.0,2322.0,2322.0,,,,2322.0,0.29,0.29,8032.0,8067.0,7980.0,2322.0,2322.0,192.0,304.0,2322.0,,,0.0,0.0,,,,,,,,,,,,,,,
JPM,5,JPM,2022-03-31,30717000.0,13872000.0,15496000.0,10633000.0,10633000.0,3991000.0,238000.0,310000.0,324000.0,1624000.0,182000.0,40000.0,1267000.0,117000.0,18000.0,16845000.0,,8636000.0,8636000.0,2299000.0,5362000.0,267000.0,,,1324000.0,-394000.0,-394000.0,,,1490000.0,-1463000.0,19191000.0,3494000.0,1134000.0,2360000.0,2572000.0,11707000.0,10787000.0,10787000.0,,,,,,,,1418000.0,,,,,,,,10063000.0,1781000.0,7845000.0,8282000.0,8282000.0,8282000.0,,397000.0,,7845000.0,2.64,2.63,2977000.0,2981000.0,12409000.0,8282000.0,8282000.0,548000.0,1820000.0,8282000.0,,,0.0,0.0,810000.0,2008000.0,5105000.0,920000.0,,,,,975000.0,,,,,,
JPM,6,JPM,2021-12-31,29257000.0,13601000.0,15019000.0,10760000.0,10760000.0,3629000.0,170000.0,174000.0,286000.0,1418000.0,127000.0,29000.0,1165000.0,80000.0,17000.0,15656000.0,,8748000.0,8748000.0,2099000.0,5549000.0,264000.0,,,500000.0,52000.0,52000.0,,,1180000.0,1288000.0,17888000.0,3663000.0,1202000.0,2461000.0,2703000.0,10012000.0,9065000.0,9065000.0,,,,,,,,1510000.0,9000.0,,,,,,,12657000.0,2258000.0,9927000.0,10399000.0,10399000.0,10399000.0,,426000.0,,9927000.0,3.33,3.33,2977300.0,2981800.0,14889000.0,10399000.0,10399000.0,344000.0,1931000.0,10399000.0,,,0.0,0.0,766000.0,3494000.0,2182000.0,947000.0,,,,,1100000.0,,,,,,
JPM,7,JPM,2021-09-30,29647000.0,13080000.0,14480000.0,10445000.0,10445000.0,3497000.0,174000.0,158000.0,206000.0,1400000.0,126000.0,31000.0,1106000.0,119000.0,18000.0,16567000.0,,8663000.0,8663000.0,2401000.0,5257000.0,248000.0,,,648000.0,-256000.0,-256000.0,,,1332000.0,1527000.0,17063000.0,3582000.0,1109000.0,2473000.0,2523000.0,9799000.0,9087000.0,9087000.0,,,,,,,,1159000.0,-115000.0,-76000.0,,,,76000.0,,14111000.0,2424000.0,11229000.0,11687000.0,11687000.0,11687000.0,,402000.0,,11229000.0,3.74,3.74,2999900.0,3005100.0,14607000.0,11687000.0,11687000.0,332000.0,1928000.0,11687000.0,-76000.0,-76000.0,0.0,0.0,719000.0,3282000.0,3546000.0,712000.0,,,,,1005000.0,,,,,,
JPM,8,JPM,2021-06-30,30479000.0,12741000.0,14094000.0,10145000.0,10145000.0,3558000.0,103000.0,85000.0,203000.0,1353000.0,132000.0,33000.0,1107000.0,60000.0,21000.0,17738000.0,,9152000.0,9152000.0,2311000.0,5194000.0,267000.0,,,,-155000.0,-155000.0,,,1195000.0,2285000.0,17667000.0,3578000.0,1090000.0,2488000.0,2385000.0,10440000.0,9814000.0,9814000.0,,2488000.0,,,,,,1264000.0,,,,,,,,15097000.0,3149000.0,11496000.0,11948000.0,11948000.0,11948000.0,,393000.0,,11496000.0,3.79,3.78,3036600.0,3041900.0,15026000.0,11948000.0,11948000.0,188000.0,2003000.0,11948000.0,,,0.0,0.0,761000.0,3470000.0,4076000.0,626000.0,,,,,1647000.0,,,,,,
JPM,9,JPM,2021-03-31,32266000.0,12889000.0,14271000.0,10187000.0,10187000.0,3664000.0,65000.0,156000.0,199000.0,1382000.0,146000.0,33000.0,1161000.0,15000.0,27000.0,19377000.0,,8770000.0,8770000.0,2391000.0,5029000.0,245000.0,,,,14000.0,14000.0,,,1123000.0,4156000.0,18725000.0,3634000.0,1115000.0,2519000.0,2203000.0,11352000.0,10601000.0,10601000.0,,2519000.0,,,,,,1536000.0,,,,,,,,17697000.0,3397000.0,13851000.0,14300000.0,14300000.0,14300000.0,,379000.0,,13851000.0,4.51,4.5,3073500.0,3078900.0,17045000.0,14300000.0,14300000.0,221000.0,2070000.0,14300000.0,,,0.0,0.0,800000.0,2970000.0,6500000.0,751000.0,,,,,1350000.0,,,,,,
JPM,10,JPM,2020-12-31,29224000.0,13258000.0,14550000.0,10349000.0,10349000.0,3775000.0,41000.0,188000.0,197000.0,1292000.0,188000.0,37000.0,1002000.0,35000.0,30000.0,15966000.0,,8692000.0,8692000.0,2494000.0,4901000.0,238000.0,,,,70000.0,70000.0,,,1300000.0,1889000.0,16048000.0,3767000.0,1161000.0,2606000.0,2259000.0,8679000.0,7954000.0,7954000.0,,2606000.0,,,,,,1343000.0,,,,,,,,15065000.0,2929000.0,11699000.0,12136000.0,12136000.0,12136000.0,,380000.0,,11699000.0,3.8,3.79,3079700.0,3085100.0,15147000.0,12136000.0,12136000.0,229000.0,2127000.0,12136000.0,,,0.0,0.0,735000.0,2583000.0,3321000.0,725000.0,,,,,1297000.0,,,,,,
JPM,11,JPM,2020-09-30,29147000.0,13013000.0,14700000.0,10215000.0,10215000.0,3960000.0,69000.0,273000.0,183000.0,1687000.0,245000.0,60000.0,1242000.0,105000.0,35000.0,16134000.0,,8373000.0,8373000.0,2734000.0,4470000.0,242000.0,,,,473000.0,473000.0,,,959000.0,-611000.0,16875000.0,3706000.0,1142000.0,2564000.0,2702000.0,9100000.0,8630000.0,8630000.0,,2564000.0,,,,,,1367000.0,,,,,,,,11661000.0,2218000.0,9015000.0,9443000.0,9443000.0,9443000.0,,381000.0,,9015000.0,2.93,2.92,3077800.0,3082800.0,12402000.0,9443000.0,9443000.0,342000.0,2141000.0,9443000.0,,,0.0,0.0,645000.0,2187000.0,4142000.0,470000.0,,,,,1169000.0,,,,,,
JPM,12,JPM,2020-06-30,32980000.0,13853000.0,16112000.0,10622000.0,10622000.0,4816000.0,70000.0,426000.0,178000.0,2259000.0,349000.0,124000.0,1596000.0,131000.0,59000.0,19127000.0,,7588000.0,7588000.0,2348000.0,4266000.0,213000.0,,,,26000.0,26000.0,,,1042000.0,-10473000.0,16942000.0,3670000.0,1080000.0,2590000.0,2117000.0,9990000.0,9509000.0,9509000.0,,2590000.0,,,,,,1165000.0,,,,,,,,5565000.0,878000.0,4265000.0,4687000.0,4687000.0,4687000.0,,401000.0,,4265000.0,1.39,1.38,3076300.0,3081000.0,3380000.0,4687000.0,4687000.0,496000.0,2149000.0,4687000.0,,,0.0,0.0,715000.0,2850000.0,7621000.0,481000.0,,,,,974000.0,,,,,,
JPM,13,JPM,2020-03-31,28251000.0,14439000.0,19161000.0,11932000.0,11932000.0,4994000.0,569000.0,1247000.0,419000.0,4722000.0,1575000.0,151000.0,2119000.0,787000.0,90000.0,13812000.0,,7620000.0,7620000.0,2026000.0,4540000.0,244000.0,,,,233000.0,233000.0,,,1156000.0,-8285000.0,16850000.0,3644000.0,1066000.0,2578000.0,2225000.0,9754000.0,8895000.0,8895000.0,,2578000.0,,,,,,1227000.0,,,,,,,,3116000.0,251000.0,2431000.0,2865000.0,2865000.0,2865000.0,,421000.0,,2431000.0,0.79,0.78,3095800.0,3100700.0,6154000.0,2865000.0,2865000.0,1816000.0,2197000.0,2865000.0,,,0.0,0.0,864000.0,1866000.0,2937000.0,859000.0,,,,,1054000.0,,,,,,
JPM,14,JPM,2019-12-31,28331000.0,14166000.0,19927000.0,12183000.0,12183000.0,5015000.0,687000.0,1557000.0,485000.0,5761000.0,1947000.0,197000.0,2455000.0,1053000.0,109000.0,14165000.0,,7928000.0,7928000.0,2200000.0,4347000.0,,,,,123000.0,123000.0,,,1492000.0,-1427000.0,16339000.0,3669000.0,1084000.0,2585000.0,2467000.0,8981000.0,8088000.0,8088000.0,,2585000.0,,,,,,1222000.0,,,,,,,,10565000.0,2045000.0,8090000.0,8520000.0,8520000.0,8520000.0,,386000.0,,8090000.0,2.58,2.57,3140700.0,3148500.0,12739000.0,8520000.0,8520000.0,2244000.0,2139000.0,8520000.0,,,0.0,0.0,,1843000.0,2779000.0,893000.0,,,,,1381000.0,,,,,,
JPM,15,JPM,2019-09-30,29341000.0,14228000.0,21121000.0,12586000.0,12586000.0,5109000.0,898000.0,1976000.0,552000.0,6893000.0,2409000.0,261000.0,2848000.0,1241000.0,134000.0,15113000.0,,8147000.0,8147000.0,2513000.0,4351000.0,,,,,78000.0,78000.0,,,1472000.0,-1514000.0,16422000.0,3604000.0,1110000.0,2494000.0,2066000.0,9528000.0,8583000.0,8583000.0,,2494000.0,,,,,,1224000.0,,,,,,,,11405000.0,2325000.0,8606000.0,9080000.0,9080000.0,9080000.0,,423000.0,,8606000.0,2.69,2.68,3198500.0,3207200.0,12714000.0,9080000.0,9080000.0,2874000.0,2145000.0,9080000.0,,,0.0,0.0,,1967000.0,3449000.0,945000.0,,,,,1283000.0,,,,,,
JPM,16,JPM,2019-06-30,28832000.0,14398000.0,21603000.0,12726000.0,12726000.0,5130000.0,1132000.0,2143000.0,472000.0,7205000.0,2413000.0,363000.0,3028000.0,1226000.0,175000.0,14434000.0,,7533000.0,7533000.0,1814000.0,4353000.0,,,,,44000.0,44000.0,,,1292000.0,-1149000.0,16341000.0,3438000.0,1060000.0,2378000.0,2281000.0,9409000.0,8547000.0,8547000.0,,2378000.0,,,,,,1213000.0,,,,,,,,11342000.0,1690000.0,9192000.0,9652000.0,9652000.0,9652000.0,,404000.0,,9192000.0,2.83,2.82,3250600.0,3259700.0,13249000.0,9652000.0,9652000.0,3275000.0,2046000.0,9652000.0,,,0.0,0.0,,1851000.0,3714000.0,862000.0,,,,,1366000.0,,,,,,
JPM,17,JPM,2019-03-31,29123000.0,14453000.0,21894000.0,12880000.0,12880000.0,4837000.0,1170000.0,2003000.0,1004000.0,7441000.0,2188000.0,427000.0,3566000.0,1110000.0,150000.0,14670000.0,,7266000.0,7266000.0,1878000.0,4114000.0,,,,,13000.0,13000.0,,,1475000.0,-1495000.0,16395000.0,3432000.0,1068000.0,2364000.0,1958000.0,9816000.0,8937000.0,8937000.0,,2364000.0,,,,,,1189000.0,,,,,,,,11233000.0,2054000.0,8753000.0,9179000.0,9179000.0,9179000.0,,374000.0,,8753000.0,2.65,2.65,3298000.0,3308200.0,12958000.0,9179000.0,9179000.0,3173000.0,2038000.0,9179000.0,,,0.0,0.0,,1840000.0,4076000.0,879000.0,,,,,1274000.0,,,,,,
JPM,18,JPM,2018-12-31,26109000.0,14354000.0,21038000.0,12705000.0,12705000.0,4285000.0,1458000.0,1647000.0,943000.0,6684000.0,1952000.0,387000.0,3316000.0,902000.0,127000.0,11755000.0,,7302000.0,7302000.0,1741000.0,4195000.0,,,,,-24000.0,-24000.0,,,1302000.0,-1548000.0,15720000.0,3430000.0,1069000.0,2361000.0,2151000.0,8703000.0,7809000.0,7809000.0,,2361000.0,,,,,,1436000.0,,,,,,,,8841000.0,1775000.0,6641000.0,7066000.0,7066000.0,7066000.0,,384000.0,,6641000.0,1.99,1.98,3335800.0,3347300.0,12806000.0,7066000.0,7066000.0,3105000.0,2075000.0,7066000.0,,,0.0,0.0,,1814000.0,1361000.0,894000.0,,,,,1366000.0,,,,,,
JPM,19,JPM,2018-09-30,27260000.0,13908000.0,19840000.0,12207000.0,12207000.0,3951000.0,1585000.0,1152000.0,945000.0,5932000.0,1621000.0,288000.0,3074000.0,827000.0,122000.0,13352000.0,,7442000.0,7442000.0,1804000.0,4310000.0,,,,,-46000.0,-46000.0,,,1160000.0,-948000.0,15623000.0,3233000.0,1014000.0,2219000.0,2106000.0,8906000.0,8108000.0,8108000.0,,2219000.0,,,,,,1378000.0,,,,,,,,10689000.0,2309000.0,7948000.0,8380000.0,8380000.0,8380000.0,,379000.0,,7948000.0,2.35,2.34,3376100.0,3394300.0,12960000.0,8380000.0,8380000.0,2737000.0,1992000.0,8380000.0,,,0.0,0.0,,1832000.0,2964000.0,798000.0,,,,,1328000.0,,,,,,
JPM,20,JPM,2018-06-30,27753000.0,13485000.0,18869000.0,11634000.0,11634000.0,3889000.0,1543000.0,955000.0,848000.0,5384000.0,1340000.0,260000.0,2904000.0,759000.0,121000.0,14268000.0,,7143000.0,7143000.0,1819000.0,4304000.0,,,,,-80000.0,-80000.0,,,1255000.0,-1210000.0,15971000.0,3149000.0,981000.0,2168000.0,2126000.0,9136000.0,8338000.0,8338000.0,,2168000.0,,,,,,1560000.0,,,,,,,,10572000.0,2256000.0,7880000.0,8316000.0,8316000.0,8316000.0,,379000.0,,7880000.0,2.31,2.29,3415200.0,3434700.0,12275000.0,8316000.0,8316000.0,2498000.0,1927000.0,8316000.0,,,0.0,0.0,,2168000.0,3782000.0,798000.0,,,,,1020000.0,,,,,,
JPM,21,JPM,2018-03-31,27907000.0,13312000.0,17695000.0,11074000.0,11074000.0,3826000.0,1321000.0,793000.0,681000.0,4383000.0,1060000.0,209000.0,2413000.0,578000.0,123000.0,14595000.0,,7526000.0,7526000.0,1942000.0,4309000.0,,,,,-245000.0,-245000.0,,,1626000.0,-1165000.0,16080000.0,2942000.0,888000.0,2054000.0,2191000.0,9662000.0,8862000.0,8862000.0,,2054000.0,,,,,,1285000.0,,,,,,,,10662000.0,1950000.0,8238000.0,8712000.0,8712000.0,8712000.0,,409000.0,,8238000.0,2.38,2.37,3458300.0,3479500.0,12147000.0,8712000.0,8712000.0,2114000.0,1797000.0,8712000.0,,,0.0,0.0,,1736000.0,3952000.0,800000.0,,,,,1275000.0,,,,,,
JPM,22,JPM,2017-12-31,23508000.0,13027000.0,16993000.0,10743000.0,10743000.0,3786000.0,1233000.0,679000.0,552000.0,3966000.0,908000.0,295000.0,2166000.0,480000.0,117000.0,10481000.0,,7023000.0,7023000.0,1883000.0,4030000.0,,,,,-28000.0,-28000.0,,,-199000.0,-1308000.0,14591000.0,2956000.0,920000.0,2036000.0,1741000.0,8177000.0,7456000.0,7456000.0,,2036000.0,,,,,,1717000.0,,645000.0,,,,-645000.0,,8254000.0,4022000.0,3774000.0,4232000.0,4232000.0,4232000.0,,428000.0,,3774000.0,1.08,1.07,3489700.0,3512200.0,11719000.0,4232000.0,3845000.0,1912000.0,1632000.0,4232000.0,645000.0,645000.0,0.0,258000.0,,1778000.0,1907000.0,721000.0,,,,,1110000.0,,,,,,
JPM,23,JPM,2017-09-30,24681000.0,12798000.0,16687000.0,10519000.0,10519000.0,3765000.0,1256000.0,622000.0,525000.0,3889000.0,837000.0,83000.0,2395000.0,451000.0,123000.0,11883000.0,,7014000.0,7014000.0,1926000.0,3846000.0,,,,,-1000.0,-1000.0,,,306000.0,-1452000.0,14318000.0,2902000.0,930000.0,1972000.0,1598000.0,8356000.0,7646000.0,7646000.0,,1972000.0,,,,,,1462000.0,,645000.0,,,,-645000.0,,9556000.0,2824000.0,6262000.0,6732000.0,6732000.0,6732000.0,,412000.0,,6262000.0,1.77,1.76,3534700.0,3559600.0,11346000.0,6732000.0,6277920.0,1878000.0,1579000.0,6732000.0,645000.0,645000.0,0.0,190920.0,,1843000.0,2721000.0,710000.0,,,,,1242000.0,,,,,,
JPM,24,JPM,2017-06-30,24825000.0,12208000.0,15650000.0,9996000.0,9996000.0,3695000.0,1008000.0,507000.0,444000.0,3442000.0,629000.0,63000.0,2235000.0,387000.0,128000.0,12617000.0,,6877000.0,6877000.0,1886000.0,3824000.0,,,,,-34000.0,-34000.0,,,827000.0,-1215000.0,14506000.0,2782000.0,912000.0,1870000.0,1705000.0,8462000.0,7706000.0,7706000.0,,1870000.0,,,,,,1557000.0,,645000.0,,,,-645000.0,,9749000.0,2720000.0,6555000.0,7029000.0,7029000.0,7029000.0,,411000.0,,6555000.0,1.83,1.82,3574100.0,3599000.0,10993000.0,7029000.0,6563955.0,1515000.0,1504000.0,7029000.0,645000.0,645000.0,0.0,179955.0,,1810000.0,3137000.0,756000.0,,,,,1167000.0,,,,,,
JPM,25,JPM,2017-03-31,24675000.0,12064000.0,15042000.0,9750000.0,9750000.0,3746000.0,722000.0,482000.0,342000.0,2978000.0,483000.0,40000.0,2027000.0,293000.0,135000.0,12611000.0,,6445000.0,6445000.0,1854000.0,3677000.0,,,,,-3000.0,-3000.0,,,770000.0,-1315000.0,15019000.0,2789000.0,961000.0,1828000.0,1761000.0,8914000.0,8201000.0,8201000.0,,1828000.0,,,,,,1555000.0,,,,,,,,8341000.0,1893000.0,5975000.0,6448000.0,6448000.0,6448000.0,,412000.0,,5975000.0,1.66,1.65,3601700.0,3630400.0,10749000.0,6448000.0,6448000.0,1204000.0,1464000.0,6448000.0,,,0.0,0.0,,1817000.0,3582000.0,713000.0,,,,,914000.0,,,,,,
JPM,26,JPM,2016-12-31,23376000.0,11753000.0,14466000.0,9569000.0,9569000.0,3640000.0,489000.0,516000.0,252000.0,2713000.0,375000.0,30000.0,1909000.0,261000.0,138000.0,11623000.0,,6602000.0,6602000.0,1995000.0,3689000.0,,,,,5000.0,5000.0,,,951000.0,-864000.0,13833000.0,2779000.0,957000.0,1822000.0,1972000.0,7569000.0,6872000.0,6872000.0,,1822000.0,,,,,,1513000.0,,,,,,,,8679000.0,1952000.0,6180000.0,6727000.0,6727000.0,6727000.0,,412000.0,,6180000.0,1.73,1.71,3570700.0,3606000.0,10889000.0,6727000.0,6727000.0,1005000.0,1446000.0,6727000.0,,,0.0,0.0,,1605000.0,2460000.0,697000.0,,,,,918000.0,,,,,,
PNC,5,PNC,2022-03-31,4705000.0,2804000.0,2914000.0,2293000.0,2293000.0,544000.0,,,77000.0,110000.0,27000.0,,83000.0,,,1901000.0,,1677000.0,1677000.0,680000.0,377000.0,,,,,9000.0,9000.0,,,215000.0,195000.0,3172000.0,589000.0,258000.0,331000.0,,1778000.0,1717000.0,1717000.0,,,,,,,,805000.0,,-31000.0,,,,,,1728000.0,299000.0,1361000.0,1408000.0,1429000.0,1429000.0,,45000.0,,1361000.0,3.23,3.23,420000.0,420000.0,2999000.0,1408000.0,1408000.0,,385000.0,1408000.0,-31000.0,-31000.0,0.0,0.0,,,,61000.0,31000.0,,,-21000.0,620000.0,,,,,,
PNC,6,PNC,2021-12-31,5174000.0,2862000.0,2975000.0,2414000.0,2414000.0,484000.0,,,77000.0,113000.0,27000.0,,86000.0,,,2312000.0,,2001000.0,2001000.0,953000.0,385000.0,,,,,-19000.0,-19000.0,,,311000.0,327000.0,3791000.0,697000.0,260000.0,437000.0,,2135000.0,2038000.0,2038000.0,,,,,,,,959000.0,,-47000.0,,,,,,1663000.0,357000.0,1220000.0,1293000.0,1306000.0,1306000.0,,71000.0,,1220000.0,2.87,2.86,424000.0,424000.0,3189000.0,1293000.0,1329895.0,,558000.0,1293000.0,-47000.0,-47000.0,0.0,-10105.0,,,,97000.0,47000.0,,,-13000.0,663000.0,,,,,,
PNC,7,PNC,2021-09-30,5172000.0,2856000.0,2975000.0,2437000.0,2437000.0,460000.0,,,78000.0,119000.0,29000.0,,90000.0,,,2316000.0,,1892000.0,1892000.0,1644000.0,248000.0,,,,,-10000.0,-10000.0,,,434000.0,228000.0,3587000.0,603000.0,248000.0,355000.0,,2089000.0,1986000.0,1986000.0,,,,,,,,895000.0,,-243000.0,,,,,,1813000.0,323000.0,1408000.0,1474000.0,1490000.0,1490000.0,,57000.0,,1408000.0,3.31,3.3,426000.0,426000.0,3084000.0,1474000.0,1474000.0,,421000.0,1474000.0,-243000.0,-243000.0,0.0,0.0,,,,103000.0,243000.0,,,-16000.0,,,,,,,
PNC,8,PNC,2021-06-30,4667000.0,2581000.0,2701000.0,2160000.0,2160000.0,469000.0,,,72000.0,120000.0,30000.0,,90000.0,,,2086000.0,,1618000.0,1618000.0,1379000.0,239000.0,,,,,-4000.0,-4000.0,,,468000.0,-302000.0,3050000.0,543000.0,217000.0,326000.0,,1714000.0,1640000.0,1640000.0,,,,,,,,793000.0,,-111000.0,,,,,,1315000.0,212000.0,1037000.0,1091000.0,1103000.0,1103000.0,,48000.0,,1037000.0,2.43,2.43,427000.0,427000.0,2279000.0,1091000.0,1091000.0,,419000.0,1091000.0,-111000.0,-111000.0,0.0,0.0,,,,74000.0,111000.0,,,-12000.0,,,,,,,
PNC,9,PNC,2021-03-31,4220000.0,2348000.0,2483000.0,1996000.0,1996000.0,421000.0,,,66000.0,135000.0,40000.0,,95000.0,,,1872000.0,,1389000.0,1389000.0,1163000.0,226000.0,,,,,-28000.0,-28000.0,,,483000.0,551000.0,2574000.0,508000.0,215000.0,293000.0,,1522000.0,1477000.0,1477000.0,,,,,,,,544000.0,,,,,,,,2197000.0,371000.0,1758000.0,1816000.0,1826000.0,1826000.0,,57000.0,,1758000.0,4.11,4.1,426000.0,426000.0,2899000.0,1816000.0,1816000.0,,375000.0,1816000.0,,,0.0,0.0,,,,45000.0,,,,-10000.0,,,,,,,
PNC,10,PNC,2020-12-31,4208000.0,2424000.0,2576000.0,2074000.0,2074000.0,442000.0,,,60000.0,152000.0,53000.0,,99000.0,,,1784000.0,,1491000.0,1491000.0,1270000.0,221000.0,,,,,-15000.0,-15000.0,,,293000.0,254000.0,2708000.0,511000.0,215000.0,296000.0,,1585000.0,1521000.0,1521000.0,,,,,,,,612000.0,,,,,,,,1754000.0,298000.0,1393000.0,1442000.0,1456000.0,1456000.0,,48000.0,22000.0,1393000.0,3.26,3.26,425000.0,426000.0,2678000.0,1442000.0,1442000.0,,553000.0,1442000.0,,,0.0,0.0,,,,64000.0,,0.0,,-14000.0,,,,,,,
PNC,11,PNC,2020-09-30,4281000.0,2484000.0,2676000.0,2116000.0,2116000.0,490000.0,,,70000.0,192000.0,74000.0,,118000.0,,,1797000.0,,1340000.0,1340000.0,1125000.0,215000.0,,,,,-48000.0,-48000.0,,,457000.0,-52000.0,2531000.0,497000.0,205000.0,292000.0,,1477000.0,1410000.0,1410000.0,,,,,,,,557000.0,,,,,,,,1698000.0,166000.0,1447000.0,1519000.0,1532000.0,1532000.0,,63000.0,0.0,1447000.0,3.4,3.39,426000.0,426000.0,2432000.0,1519000.0,1519000.0,,232000.0,1519000.0,,,0.0,0.0,,,,67000.0,,,,-13000.0,,,,,,,
PNC,12,PNC,2020-06-30,4045000.0,2527000.0,2855000.0,2257000.0,2257000.0,527000.0,,,71000.0,328000.0,141000.0,,187000.0,,,1518000.0,,1278000.0,1278000.0,1079000.0,199000.0,,,,,-31000.0,-31000.0,,,271000.0,-2432000.0,2515000.0,500000.0,199000.0,301000.0,,1420000.0,1373000.0,1373000.0,,,,,,,,595000.0,,,,,,,,-902000.0,-158000.0,3591000.0,3648000.0,3655000.0,-744000.0,,55000.0,-22000.0,3569000.0,8.4,8.4,426000.0,426000.0,95000.0,3648000.0,-751000.0,,384000.0,-751000.0,,,0.0,0.0,,,,47000.0,,4399000.0,,-7000.0,,,,,,,
PNC,13,PNC,2020-03-31,4508000.0,2511000.0,3200000.0,2480000.0,2480000.0,582000.0,,,138000.0,689000.0,375000.0,,314000.0,,,1997000.0,,1663000.0,1663000.0,1281000.0,382000.0,,,,,173000.0,173000.0,,,161000.0,-905000.0,2543000.0,494000.0,207000.0,287000.0,,1427000.0,1369000.0,1369000.0,,,,,,,,622000.0,,,,,,,,1060000.0,145000.0,840000.0,908000.0,915000.0,915000.0,,63000.0,-1000.0,839000.0,1.96,1.95,429000.0,430000.0,1606000.0,908000.0,908000.0,,328000.0,908000.0,,,0.0,0.0,,,,58000.0,,,,-7000.0,,,,,,,
PNC,14,PNC,2019-12-31,4609000.0,2488000.0,3334000.0,2573000.0,2573000.0,560000.0,,,201000.0,846000.0,468000.0,,378000.0,,,2121000.0,,1665000.0,1665000.0,1161000.0,504000.0,,,,,,,,,456000.0,-221000.0,2762000.0,549000.0,201000.0,348000.0,,1545000.0,1468000.0,1468000.0,,,,,,,,668000.0,,,,,,,,1626000.0,245000.0,1311000.0,1367000.0,1381000.0,1381000.0,,55000.0,-9000.0,1302000.0,2.98,2.97,437000.0,438000.0,2267000.0,1367000.0,1367000.0,,411000.0,1367000.0,,,0.0,0.0,,,,77000.0,,,,-14000.0,,,,,,,
PNC,15,PNC,2019-09-30,4493000.0,2504000.0,3503000.0,2678000.0,2678000.0,617000.0,,,208000.0,999000.0,531000.0,,468000.0,,,1989000.0,,1647000.0,1647000.0,1183000.0,464000.0,,,,,,,,,342000.0,-183000.0,2623000.0,497000.0,206000.0,291000.0,,1476000.0,1400000.0,1400000.0,,,,,,,,650000.0,,,,,,,,1687000.0,295000.0,1315000.0,1379000.0,1392000.0,1392000.0,,63000.0,-8000.0,1307000.0,2.95,2.94,444000.0,445000.0,2321000.0,1379000.0,1379000.0,,325000.0,1379000.0,,,0.0,0.0,,,,76000.0,,,,-13000.0,,,,,,,
PNC,16,PNC,2019-06-30,4439000.0,2498000.0,3497000.0,2672000.0,2672000.0,629000.0,,,196000.0,999000.0,515000.0,,484000.0,,,1941000.0,,1574000.0,1574000.0,1129000.0,445000.0,,,,,,,,,367000.0,-180000.0,2611000.0,510000.0,212000.0,298000.0,,1448000.0,1365000.0,1365000.0,,,,,,,,653000.0,,,,,,,,1648000.0,274000.0,1302000.0,1362000.0,1374000.0,1374000.0,,55000.0,-2000.0,1300000.0,2.89,2.88,451000.0,452000.0,2318000.0,1362000.0,1362000.0,,307000.0,1362000.0,,,0.0,0.0,,,,83000.0,,,,-12000.0,,,,,,,
PNC,17,PNC,2019-03-31,4286000.0,2475000.0,3428000.0,2602000.0,2602000.0,620000.0,,,206000.0,953000.0,472000.0,,481000.0,,,1811000.0,,1503000.0,1503000.0,1066000.0,437000.0,,,,,,,,,308000.0,-189000.0,2578000.0,488000.0,215000.0,273000.0,,1479000.0,1414000.0,1414000.0,,,,,,,,611000.0,,,,,,,,1519000.0,248000.0,1192000.0,1261000.0,1271000.0,1271000.0,,63000.0,-3000.0,1189000.0,2.62,2.61,455000.0,456000.0,2286000.0,1261000.0,1261000.0,,272000.0,1261000.0,,,0.0,0.0,,,,65000.0,,,,-10000.0,,,,,,,
PNC,18,PNC,2018-12-31,4340000.0,2481000.0,3359000.0,2555000.0,2555000.0,608000.0,,,196000.0,878000.0,419000.0,,459000.0,,,1859000.0,,1534000.0,1534000.0,1106000.0,428000.0,,,,,,,,,325000.0,-148000.0,2577000.0,487000.0,202000.0,285000.0,,1432000.0,1348000.0,1348000.0,,,,,,,,658000.0,,,,,,,,1615000.0,264000.0,1281000.0,1337000.0,1351000.0,1351000.0,,55000.0,-7000.0,1274000.0,2.77,2.75,461000.0,463000.0,2333000.0,1337000.0,1337000.0,,290000.0,1337000.0,,,0.0,0.0,,,,84000.0,,,,-14000.0,,,,,,,
PNC,19,PNC,2018-09-30,4357000.0,2466000.0,3223000.0,2452000.0,2452000.0,584000.0,,,187000.0,757000.0,336000.0,,421000.0,,,1891000.0,,1590000.0,1590000.0,1104000.0,486000.0,,,,,,,,,301000.0,-88000.0,2608000.0,459000.0,195000.0,264000.0,,1484000.0,1413000.0,1413000.0,,,,,,,,665000.0,,,,,,,,1661000.0,261000.0,1319000.0,1389000.0,1400000.0,1400000.0,,63000.0,-2000.0,1317000.0,2.84,2.82,465000.0,467000.0,2378000.0,1389000.0,1389000.0,,272000.0,1389000.0,,,0.0,0.0,,,,71000.0,,,,-11000.0,,,,,,,
PNC,20,PNC,2018-06-30,4324000.0,2413000.0,3082000.0,2345000.0,2345000.0,557000.0,,,180000.0,669000.0,261000.0,,408000.0,,,1911000.0,,1577000.0,1577000.0,1121000.0,456000.0,,,,,,,,,334000.0,-80000.0,2584000.0,484000.0,203000.0,281000.0,,1431000.0,1356000.0,1356000.0,,,,,,,,669000.0,,,,,,,,1660000.0,304000.0,1285000.0,1346000.0,1356000.0,1356000.0,,55000.0,-3000.0,1282000.0,2.74,2.72,469000.0,472000.0,2333000.0,1346000.0,1346000.0,,287000.0,1346000.0,,,0.0,0.0,,,,75000.0,,,,-10000.0,,,,,,,
PNC,21,PNC,2018-03-31,4111000.0,2361000.0,2918000.0,2228000.0,2228000.0,512000.0,,,178000.0,557000.0,213000.0,,344000.0,,,1750000.0,,1505000.0,1505000.0,1050000.0,455000.0,,,,,,,,,245000.0,-92000.0,2527000.0,491000.0,218000.0,273000.0,,1409000.0,1354000.0,1354000.0,,,,,,,,627000.0,,,,,,,,1492000.0,253000.0,1165000.0,1229000.0,1239000.0,1239000.0,,63000.0,-7000.0,1158000.0,2.45,2.43,473000.0,476000.0,2269000.0,1229000.0,1229000.0,,280000.0,1229000.0,,,0.0,0.0,,,,55000.0,,,,-10000.0,,,,,,,
PNC,22,PNC,2017-12-31,4260000.0,2345000.0,2825000.0,2154000.0,2154000.0,509000.0,,,162000.0,480000.0,190000.0,,290000.0,,,1915000.0,,1721000.0,1721000.0,1001000.0,720000.0,,,,,,,,,194000.0,-125000.0,3061000.0,514000.0,240000.0,274000.0,,1498000.0,1438000.0,1438000.0,,,,,,,,1049000.0,,,,,,,,1074000.0,-1017000.0,2023000.0,2080000.0,2091000.0,2091000.0,,55000.0,-16000.0,2007000.0,4.23,4.18,476000.0,480000.0,2220000.0,2080000.0,2080000.0,,258000.0,2080000.0,,,0.0,0.0,,,,60000.0,,,,-11000.0,,,,,,,
PNC,23,PNC,2017-09-30,4125000.0,2345000.0,2795000.0,2140000.0,2140000.0,501000.0,,,154000.0,450000.0,170000.0,,280000.0,,,1780000.0,,1434000.0,1434000.0,1013000.0,421000.0,,,,,,,,,346000.0,-130000.0,2456000.0,463000.0,204000.0,259000.0,,1336000.0,1274000.0,1274000.0,,,,,,,,657000.0,,,,,,,,1539000.0,413000.0,1045000.0,1114000.0,1126000.0,1126000.0,,63000.0,-3000.0,1042000.0,2.18,2.16,479000.0,483000.0,2215000.0,1114000.0,1114000.0,,291000.0,1114000.0,,,0.0,0.0,,,,62000.0,,,,-12000.0,,,,,,,
PNC,24,PNC,2017-06-30,4060000.0,2258000.0,2674000.0,2040000.0,2040000.0,495000.0,,,139000.0,416000.0,143000.0,,273000.0,,,1802000.0,,1466000.0,1466000.0,1068000.0,398000.0,,,,,,,,,336000.0,-98000.0,2479000.0,483000.0,202000.0,281000.0,,1330000.0,1263000.0,1263000.0,,,,,,,,666000.0,,,,,,,,1483000.0,386000.0,1026000.0,1087000.0,1097000.0,1097000.0,,55000.0,-1000.0,1025000.0,2.12,2.1,484000.0,488000.0,2160000.0,1087000.0,1087000.0,,289000.0,1087000.0,,,0.0,0.0,,,,67000.0,,,,-10000.0,,,,,,,
PNC,25,PNC,2017-03-31,3884000.0,2160000.0,2520000.0,1904000.0,1904000.0,493000.0,,,123000.0,360000.0,120000.0,,240000.0,,,1724000.0,,1402000.0,1402000.0,999000.0,403000.0,,,,,,,,,322000.0,-88000.0,2402000.0,473000.0,222000.0,251000.0,,1304000.0,1249000.0,1249000.0,,,,,,,,625000.0,,,,,,,,1394000.0,320000.0,967000.0,1057000.0,1074000.0,1074000.0,,63000.0,-4000.0,963000.0,1.99,1.96,487000.0,492000.0,2072000.0,1057000.0,1057000.0,,279000.0,1057000.0,,,0.0,0.0,,,,55000.0,,,,-17000.0,,,,,,,
PNC,26,PNC,2016-12-31,3874000.0,2130000.0,2453000.0,1886000.0,1886000.0,457000.0,,,110000.0,323000.0,114000.0,,209000.0,,,1744000.0,,1449000.0,1449000.0,1050000.0,399000.0,,,,,,,,,295000.0,-67000.0,2441000.0,464000.0,210000.0,254000.0,,1291000.0,1231000.0,1231000.0,,,,,,,,686000.0,,,,,,,,1366000.0,319000.0,975000.0,1025000.0,1047000.0,1047000.0,,43000.0,-2000.0,973000.0,2.01,1.97,487000.0,494000.0,2063000.0,1025000.0,1025000.0,,276000.0,1025000.0,,,0.0,0.0,,,,60000.0,,,,-22000.0,,,,,,,
SIVBQ,4,SIVBQ,2022-03-31,1599000.0,1082000.0,1122000.0,570000.0,570000.0,546000.0,,6000.0,,40000.0,22000.0,1000.0,18000.0,,,517000.0,,182000.0,182000.0,63000.0,22000.0,60000.0,,,73000.0,148000.0,148000.0,,,21000.0,-11000.0,857000.0,81000.0,81000.0,,106000.0,614000.0,614000.0,584000.0,16000.0,14000.0,,,,,,56000.0,,-16000.0,,,,,,715000.0,182000.0,472000.0,515000.0,533000.0,533000.0,,43000.0,,472000.0,8.03,7.92,58800.0,59599.0,1071000.0,515000.0,526824.0,6000.0,50000.0,515000.0,-16000.0,-16000.0,0.0,-4176.0,,93000.0,,,16000.0,,,-18000.0,37000.0,,,,,,
SIVBQ,5,SIVBQ,2021-12-31,1500000.0,939000.0,975000.0,544000.0,544000.0,425000.0,,6000.0,,36000.0,21000.0,,15000.0,,,561000.0,,164000.0,164000.0,63000.0,22000.0,41000.0,,,73000.0,169000.0,169000.0,,,31000.0,-48000.0,875000.0,77000.0,77000.0,,110000.0,623000.0,623000.0,597000.0,15000.0,11000.0,,,,,,65000.0,,-27000.0,,,,,,550000.0,142000.0,371000.0,394000.0,408000.0,408000.0,,23000.0,,371000.0,6.32,6.22,58703.0,59624.0,891000.0,394000.0,413872.0,6000.0,45000.0,394000.0,-27000.0,-27000.0,0.0,-7128.0,,124000.0,,,27000.0,,,-14000.0,38000.0,,,,,,
SIVBQ,6,SIVBQ,2021-09-30,1524000.0,852000.0,884000.0,519000.0,519000.0,360000.0,,5000.0,,32000.0,19000.0,,13000.0,,,672000.0,,156000.0,156000.0,63000.0,22000.0,37000.0,,,65000.0,336000.0,336000.0,,,25000.0,-21000.0,796000.0,79000.0,79000.0,54000.0,104000.0,567000.0,567000.0,548000.0,13000.0,6000.0,,,,,,46000.0,,-83000.0,,,,,,624000.0,149000.0,365000.0,387000.0,475000.0,475000.0,,22000.0,,365000.0,6.33,6.24,57723.0,58521.0,831000.0,387000.0,447092.0,5000.0,45000.0,387000.0,-83000.0,-83000.0,0.0,-22908.0,,90000.0,,,83000.0,,,-88000.0,34000.0,,,,,,
SIVBQ,7,SIVBQ,2021-06-30,1489000.0,728000.0,751000.0,472000.0,472000.0,275000.0,,4000.0,,23000.0,12000.0,,11000.0,,,761000.0,,122000.0,122000.0,59000.0,21000.0,32000.0,19000.0,,67000.0,427000.0,427000.0,,,42000.0,-35000.0,634000.0,54000.0,54000.0,37000.0,97000.0,438000.0,438000.0,425000.0,10000.0,3000.0,,,,,,45000.0,,-19000.0,,,,,,801000.0,173000.0,502000.0,515000.0,628000.0,628000.0,,13000.0,,502000.0,9.23,9.09,54353.0,55152.0,693000.0,515000.0,529231.0,4000.0,30051.0,515000.0,-19000.0,-19000.0,0.0,-4769.0,,103000.0,,,19000.0,,,-113000.0,31000.0,,,,,,
SIVBQ,8,SIVBQ,2021-03-31,1403759.0,659579.0,678746.0,430422.0,430422.0,245059.0,,3265.0,,19167.0,10437.0,,8730.0,,,744180.0,,125930.0,125930.0,53859.0,14559.0,44504.0,21535.0,,57393.0,388763.0,388763.0,,,29792.0,-18679.0,636001.0,50503.0,50503.0,32822.0,81343.0,458699.0,458699.0,445425.0,9463.0,3811.0,,,,,,45456.0,,,,,,,,749079.0,187315.0,532220.0,536814.0,561764.0,561764.0,,4594.0,,532220.0,10.2,10.03,52180.0,53076.0,640900.0,536814.0,536814.0,3265.0,30949.0,536814.0,,,0.0,0.0,,142302.0,,,,,,-24950.0,27567.0,,,,,,
SIVBQ,9,SIVBQ,2020-12-31,1213263.0,591480.0,607558.0,403361.0,403361.0,201398.0,,2799.0,,16078.0,8909.0,,7169.0,,,621783.0,,122247.0,122247.0,54407.0,12538.0,42451.0,20230.0,,51091.0,293753.0,293753.0,,,21258.0,38433.0,664799.0,86438.0,86438.0,41705.0,77336.0,428753.0,428753.0,415705.0,8601.0,4447.0,,,,,,72272.0,,,,,,,,586897.0,148096.0,388316.0,392910.0,438801.0,438801.0,,4594.0,,388316.0,7.49,7.4,51817.0,52466.0,629913.0,392910.0,392910.0,2799.0,27233.0,392910.0,,,0.0,0.0,,133434.0,,,,,,-45891.0,25389.0,,,,,,
SIVBQ,10,SIVBQ,2020-09-30,1075323.0,527740.0,543127.0,368981.0,368981.0,171429.0,,2717.0,,15387.0,8218.0,,7169.0,,,547583.0,,118696.0,118696.0,47769.0,9669.0,48171.0,16416.0,,43881.0,243603.0,243603.0,,,49222.0,52018.0,491021.0,49737.0,49737.0,30772.0,67215.0,336516.0,336516.0,327369.0,6933.0,2214.0,,,,,,37553.0,,,,,,,,636320.0,162265.0,441713.0,446307.0,474055.0,474055.0,,4594.0,,441713.0,8.53,8.47,51773.0,52146.0,579758.0,446307.0,446307.0,2717.0,23957.0,446307.0,,,0.0,0.0,,92181.0,,,,,,-27748.0,22756.0,,,,,,
SIVBQ,11,SIVBQ,2020-06-30,881775.0,512927.0,523523.0,365110.0,365110.0,156011.0,,2402.0,,10596.0,5694.0,,4902.0,,,368848.0,,113187.0,113187.0,43096.0,8845.0,48803.0,21018.0,,36256.0,61374.0,61374.0,,,16528.0,-66481.0,479636.0,46553.0,46553.0,27708.0,63828.0,329608.0,329608.0,319797.0,6819.0,2992.0,,,,,,39647.0,,,,,,,,335658.0,87869.0,228935.0,233529.0,247789.0,247789.0,,4594.0,,228935.0,4.44,4.42,51581.0,51795.0,446446.0,233529.0,233529.0,2402.0,24826.0,233529.0,,,0.0,0.0,,141503.0,,,,,,-14260.0,21288.0,,,,,,
SIVBQ,12,SIVBQ,2020-03-31,826071.0,524137.0,567402.0,382569.0,382569.0,167209.0,,17624.0,,43265.0,37398.0,,5867.0,,,301934.0,,136975.0,136975.0,49256.0,7908.0,59415.0,18919.0,,47505.0,59450.0,59450.0,,,11137.0,-243480.0,399585.0,45286.0,45286.0,26940.0,38705.0,274891.0,274891.0,255586.0,5234.0,14071.0,,,,,,40703.0,,,,,,,,183006.0,49357.0,132253.0,135622.0,133649.0,133649.0,,3369.0,,132253.0,2.56,2.55,51565.0,51944.0,280657.0,135622.0,135622.0,17624.0,24824.0,135622.0,,,0.0,0.0,,46867.0,,,,,,1973.0,28304.0,,,,,,
SIVBQ,13,SIVBQ,2019-12-31,847012.0,533668.0,588735.0,396698.0,396698.0,170044.0,,21993.0,,55067.0,47509.0,,7558.0,,,313344.0,,141216.0,141216.0,48231.0,8230.0,60697.0,17251.0,,42399.0,58960.0,58960.0,,,12597.0,-17383.0,460752.0,43947.0,43947.0,24384.0,72461.0,296824.0,296824.0,274661.0,5166.0,16997.0,,,,,,47520.0,,,,,,,,368877.0,94061.0,262856.0,262856.0,274816.0,274816.0,,,,262856.0,5.1,5.06,51587.0,51959.0,516285.0,262856.0,262856.0,21993.0,22309.0,262856.0,,,0.0,0.0,,58172.0,,,,,,-11960.0,32288.0,,,,,,
SIVBQ,14,SIVBQ,2019-09-30,814653.0,520644.0,583892.0,394246.0,394246.0,160779.0,,28867.0,,63248.0,55106.0,,8142.0,,,294009.0,,134143.0,134143.0,45031.0,8493.0,58954.0,15638.0,,40309.0,67410.0,67410.0,,,13631.0,-36536.0,391324.0,43756.0,43756.0,26775.0,55202.0,258260.0,258260.0,233840.0,4881.0,19539.0,,,,,,34106.0,,,,,,,,386793.0,105075.0,267281.0,267281.0,281718.0,281718.0,,,,267281.0,5.19,5.15,51545.0,51858.0,484108.0,267281.0,267281.0,28867.0,19584.0,267281.0,,,0.0,0.0,,38516.0,,,,,,-14437.0,30158.0,,,,,,
SIVBQ,15,SIVBQ,2019-06-30,863153.0,529403.0,585767.0,414077.0,414077.0,145326.0,,26364.0,,56364.0,47150.0,,9214.0,,,333750.0,,133260.0,133260.0,44297.0,7758.0,60173.0,19029.0,,38506.0,96045.0,96045.0,,,17245.0,-23946.0,383522.0,40598.0,40598.0,23911.0,40830.0,264677.0,264677.0,243172.0,4483.0,17022.0,,,,,,37417.0,,,,,,,,455685.0,119114.0,317987.0,317987.0,336571.0,336571.0,,,,317987.0,6.12,6.08,51955.0,52336.0,505457.0,317987.0,317987.0,26364.0,19994.0,317987.0,,,0.0,0.0,,48694.0,,,,,,-18584.0,28790.0,,,,,,
SIVBQ,16,SIVBQ,2019-03-31,793262.0,512886.0,551014.0,394144.0,394144.0,137654.0,,19216.0,,38128.0,27907.0,,10221.0,,,280376.0,,130303.0,130303.0,44230.0,8041.0,58590.0,15622.0,,38048.0,50333.0,50333.0,,,11897.0,-28551.0,365664.0,37748.0,37748.0,21700.0,36986.0,257394.0,257394.0,238061.0,3979.0,15354.0,,,,,,33536.0,,,,,,,,399047.0,107435.0,288732.0,288732.0,291612.0,291612.0,,,,288732.0,5.49,5.44,52587.0,53109.0,484335.0,288732.0,288732.0,19216.0,20830.0,288732.0,,,0.0,0.0,,49795.0,,,,,,-2880.0,27483.0,,,,,,
SIVBQ,17,SIVBQ,2018-12-31,697654.0,514460.0,542897.0,378756.0,378756.0,149013.0,,15128.0,,28437.0,10897.0,,17540.0,,,183194.0,,104277.0,107790.0,40689.0,5872.0,41768.0,3513.0,,38252.0,27478.0,27478.0,,,13187.0,-13644.0,304079.0,34497.0,34497.0,20342.0,46755.0,200934.0,200934.0,183782.0,4970.0,12182.0,,,,,,21893.0,,,,,,,,379931.0,105000.0,266264.0,266264.0,274931.0,274931.0,,,,266264.0,5.01,4.96,53125.0,53685.0,500816.0,266264.0,266264.0,15128.0,14517.0,266264.0,,,0.0,0.0,,,,,,,,-8667.0,25333.0,,,,,,
SIVBQ,18,SIVBQ,2018-09-30,699779.0,493222.0,513313.0,352353.0,352353.0,152823.0,,8137.0,,20091.0,8042.0,,12049.0,,,206557.0,,95545.0,99058.0,38672.0,5479.0,36265.0,3513.0,,32656.0,66334.0,66334.0,,,12022.0,-17174.0,305932.0,33552.0,33552.0,19858.0,36542.0,217699.0,217699.0,195437.0,9550.0,12712.0,,,,,,18139.0,,,,,,,,376673.0,95308.0,274817.0,274817.0,281365.0,281365.0,,,,274817.0,5.16,5.1,53235.0,53919.0,476048.0,274817.0,274817.0,8137.0,14487.0,274817.0,,,0.0,0.0,,,,,,,,-6548.0,24121.0,,,,,,
SIVBQ,19,SIVBQ,2018-06-30,655855.0,466443.0,481301.0,330298.0,330298.0,144816.0,,6187.0,,14858.0,6270.0,,8588.0,,,189412.0,,85770.0,89047.0,36669.0,,29452.0,3277.0,,34077.0,55175.0,55175.0,,,14390.0,-29080.0,302462.0,32461.0,32461.0,19173.0,46813.0,204376.0,204376.0,181955.0,10326.0,12095.0,,,,,,18812.0,,,,,,,,324313.0,77287.0,237798.0,237798.0,247026.0,247026.0,,,,237798.0,4.48,4.42,53064.0,53776.0,437363.0,237798.0,237798.0,6187.0,14525.0,237798.0,,,0.0,0.0,,,,,,,,-9228.0,22926.0,,,,,,
SIVBQ,20,SIVBQ,2018-03-31,571971.0,419863.0,432398.0,297073.0,297073.0,129569.0,,5756.0,,12535.0,4097.0,,8438.0,,,152108.0,,77773.0,81183.0,36616.0,,22875.0,3410.0,,33827.0,28249.0,28249.0,,,12259.0,-27972.0,262007.0,32161.0,32161.0,18545.0,28725.0,186427.0,186427.0,165806.0,9430.0,11191.0,,,,,,14694.0,,,,,,,,281992.0,73966.0,194961.0,194961.0,208026.0,208026.0,,,,194961.0,3.69,3.63,52883.0,53685.0,391891.0,194961.0,194961.0,5756.0,14377.0,194961.0,,,0.0,0.0,,,,,,,,-13065.0,21692.0,,,,,,
SIVBQ,21,SIVBQ,2017-12-31,542766.0,393706.0,405016.0,279805.0,279805.0,120376.0,,4835.0,,11310.0,2458.0,,8852.0,,,149060.0,,69456.0,72662.0,33653.0,5311.0,18565.0,3206.0,,33734.0,27888.0,27888.0,,,17982.0,-22242.0,260809.0,30960.0,30960.0,18000.0,35604.0,176770.0,176770.0,156990.0,8715.0,11065.0,,,,,,17475.0,,,,,,,,259715.0,135051.0,117210.0,117210.0,124664.0,124664.0,,,,117210.0,2.22,2.19,52762.0,53502.0,371464.0,117210.0,117210.0,4835.0,16858.0,117210.0,,,0.0,0.0,,,,,,,,-7454.0,20444.0,,,,,,
SIVBQ,22,SIVBQ,2017-09-30,529590.0,373974.0,385271.0,268445.0,268445.0,110615.0,,6211.0,,11297.0,2304.0,,8993.0,,,155616.0,,69889.0,73051.0,37218.0,5198.0,15563.0,3162.0,,29671.0,40160.0,40160.0,,,15896.0,-23522.0,254599.0,31597.0,31597.0,18937.0,32987.0,171951.0,171951.0,153263.0,8359.0,10329.0,,,,,,18064.0,,,,,,,,251469.0,97351.0,148620.0,148620.0,154118.0,154118.0,,,,148620.0,2.82,2.79,52705.0,53305.0,350452.0,148620.0,148620.0,6211.0,12997.0,148620.0,,,0.0,0.0,,,,,,,,-5498.0,20270.0,,,,,,
SIVBQ,23,SIVBQ,2017-06-30,468061.0,342696.0,353927.0,250197.0,250197.0,96407.0,,7323.0,,11231.0,2197.0,,9034.0,,,125365.0,,57996.0,61159.0,30078.0,5536.0,12982.0,3163.0,,26108.0,28450.0,28450.0,,,12811.0,-15806.0,248083.0,30084.0,30084.0,18958.0,27925.0,169675.0,169675.0,148973.0,9313.0,11389.0,,,,,,20399.0,,,,,,,,204172.0,71656.0,123193.0,123193.0,132516.0,132516.0,,,,123193.0,2.34,2.32,52537.0,53194.0,326890.0,123193.0,123193.0,7323.0,13877.0,123193.0,,,0.0,0.0,,,,,,,,-9323.0,18099.0,,,,,,
SIVBQ,24,SIVBQ,2017-03-31,424207.0,309993.0,320926.0,227341.0,227341.0,90449.0,,3136.0,,10933.0,1717.0,,9216.0,,,114214.0,,52886.0,56331.0,29575.0,,9026.0,3445.0,,26247.0,22660.0,22660.0,,,12421.0,-30734.0,234188.0,27509.0,27509.0,15858.0,25419.0,165053.0,165053.0,147176.0,8682.0,9195.0,,,,,,16207.0,,,,,,,,159285.0,51405.0,101483.0,101483.0,107880.0,107880.0,,,,101483.0,1.94,1.91,52344.0,53179.0,279259.0,101483.0,101483.0,3136.0,12391.0,101483.0,,,0.0,0.0,,,,,,,,-6397.0,17730.0,,,,,,
SIVBQ,25,SIVBQ,2016-12-31,407119.0,296605.0,307333.0,216699.0,216699.0,86357.0,,4277.0,,10728.0,1627.0,,9101.0,,,110514.0,,54475.0,57463.0,30224.0,,8260.0,2988.0,,27185.0,31710.0,31710.0,,,-2856.0,-16454.0,232198.0,28650.0,28650.0,17641.0,27023.0,158574.0,158574.0,139860.0,8661.0,10053.0,,,,,,17951.0,,,,,,,,158467.0,54825.0,99466.0,99466.0,103642.0,103642.0,,,,99466.0,1.91,1.89,52134.0,52677.0,280151.0,99466.0,99466.0,4277.0,11705.0,99466.0,,,0.0,0.0,,,,,,,,-4176.0,18979.0,,,,,,
